2084 3087
297 1138 641 1226 Christologiam
678 1171 897 1213 cardinem
935 1186 1042 1225 esse,
1088 1174 1131 1214 in
1169 1187 1252 1226 quo
1290 1187 1433 1214 omnes
1470 1174 1729 1216 christianae

202 1232 418 1286 religionis
453 1231 673 1272 doctrinae
706 1230 1071 1282 circumferantur,
1109 1245 1203 1272 cum
1226 1232 1467 1286 philosophi
1497 1236 1588 1273 tuin
1612 1233 1731 1274 theo-

203 1289 291 1343 logi
320 1291 634 1331 concesserunt.
693 1285 810 1341 Quid
847 1287 979 1340 igitur
1008 1288 1173 1340 mirum,
1215 1289 1329 1342 quod
1360 1289 1402 1329 in
1442 1303 1533 1330 eam
1564 1289 1732 1344 potissi-

190 1360 320 1387 v‘mum
351 1344 676 1386 describendam
712 1347 884 1385 tantum
922 1358 1049 1386 curae
1084 1359 1248 1386 necnon
1285 1346 1531 1399 sagacitatis
1563 1351 1625 1387 est
1656 1347 1731 1386 im-

203 1417 392 1457 pensum,
415 1405 465 1443 ut
485 1402 555 1442 vix
574 1415 741 1443 omnem
765 1401 855 1455 ejus
874 1401 1097 1443 materiem
1114 1402 1352 1456 molemque
1373 1403 1513 1443 animo
1529 1417 1731 1456 superare

206 1457 440 1513 queamus?
488 1457 576 1500 Sed
606 1457 834 1500 discrimen
866 1472 1075 1499 sumnum
1106 1459 1218 1499 inter
1248 1459 1548 1513 theologorum
1571 1464 1613 1500 et
1639 1460 1731 1514 phi-

203 1516 480 1570 losophorum
523 1515 759 1557 sententias
797 1515 848 1556 de
881 1513 1054 1556 Christo
1090 1515 1282 1569 prolatas
1320 1530 1409 1557 esse
1446 1517 1557 1557 inter
1588 1530 1732 1558 omnes

204 1573 309 1615 satis
341 1575 521 1614 constat.
583 1571 727 1626 Quum
759 1571 870 1613 enim
886 1571 949 1612 illi
981 1586 1076 1612 euin
1107 1586 1334 1626 personam
1365 1572 1612 1614 historicam
1643 1587 1733 1614 esse

203 1629 430 1681 affirment,
461 1629 505 1670 hi
535 1628 675 1670 ideam
707 1628 890 1670 eundem
921 1641 1013 1669 esse
1031 1632 1246 1680 statuunt3
1279 1643 1408 1682 quum
1440 1630 1501 1670 illi
1526 1630 1579 1671 ab
1604 1630 1732 1672 rebus

202 1686 326 1728 factis
357 1686 492 1739 iisque
523 1685 723 1727 revelatis
745 1685 1091 1740 progrediantur,
1123 1686 1167 1726 hi
1193 1686 1401 1739 principia
1425 1687 1619 1728 veritatis
1637 1701 1732 1740 cog-

203 1743 444 1785 noscendae
476 1742 731 1784 inhumana
756 1742 922 1784 ratione
953 1742 1094 1796 posita
1126 1746 1350 1796 quaerunt.
1397 1742 1500 1783 Jam
1529 1743 1734 1796 quamdiu

203 1800 426 1854 theologia
446 1802 489 1841 et
511 1798 782 1853 philosophia
799 1799 912 1840 intra
932 1813 1029 1840 suos
1049 1813 1245 1853 quaeque
1270 1799 1474 1840 terminos
1494 1804 1732 1851 versantur,

202 1857 255 1898 lis
275 1871 375 1898 sane
400 1857 515 1898 inter
543 1859 771 1910 utramque
794 1856 950 1897 exoriri
975 1856 1142 1909 nequit3
1165 1856 1422 1909 simulatque
1450 1871 1547 1898 vero
1566 1857 1733 1898 commi-

205 1916 376 1955 scentur
393 1917 435 1955 et
456 1913 637 1955 invicem
654 1912 987 1965 confunduntur,
1011 1916 1227 1954 certamen
1244 1913 1494 1954 acerrimum
1513 1914 1615 1967 quin
1635 1913 1733 1954 inde

204 1970 443 2013 concitetur
465 1969 558 2011 fieri
581 1984 666 2011 non
688 1974 843 2024 potest.
888 1969 1053 2013 Verum
1071 1970 1181 2011 enim
1206 1983 1304 2010 vero
1326 1970 1558 2023 quaeritur.
1590 1974 1734 2011 utrum

211 2027 488 2081 christologia
518 2041 569 2068 ex
606 2027 815 2082 ejusmodi
856 2026 973 2068 fonte
1005 2026 1189 2067 derivari
1220 2031 1366 2080 queat,
1409 2027 1481 2080 qui
1519 2027 1648 2068 etiam
1679 2027 1733 2067 ab

204 2084 468 2138 philosophis
507 2088 780 2137 agnoscatur,
812 2097 955 2125 necne.
1015 2082 1215 2124 Profecto
1257 2083 1442 2127 ethicum
1481 2083 1736 2137 principium

207 2140 403 2182 omnibus
435 2139 625 2182 sufficere
660 2154 784 2194 posse
824 2154 1076 2194 persuasum
1107 2140 1326 2181 habemus,
1387 2139 1471 2180 Seu
1504 2155 1554 2181 ex
1594 2140 1734 2180 divino

206 2211 350 2239 amore
394 2211 469 2239 seu
506 2212 557 2238 ex
593 2197 782 2238 humana
820 2196 1127 2251 personalitate
1176 2195 1453 2249 christologia
1497 2196 1734 2249 deducitur,

206 2268 372 2308 semper
409 2254 617 2296 habemus
651 2254 774 2295 illud:
813 2255 878 2298 δός
929 2268 1014 2306 μοι,
1045 2255 1119 2292 ποῦ
1148 2254 1237 2306 στῴ.
1296 2251 1436 2305 Quam
1478 2268 1567 2294 rem
1608 2252 1735 2294 Lieb-

207 2324 311 2352 nero
361 2311 573 2353 neminem
619 2311 760 2353 verius
814 2310 1099 2364 subtiliusque
1144 2323 1334 2362 unquam
1378 2310 1583 2362 probasse
1623 2310 1735 2351 vide-

210 2382 316 2409 mus.
384 2366 470 2410 Sed
515 2368 764 2422 priusquam
805 2367 1048 2421 improbata
1085 2365 1436 2420 philosophorum
1481 2366 1557 2407 filii
1606 2366 1735 2407 divini

209 2424 307 2466 idea
338 2424 429 2479 ejus
460 2439 509 2466 ve
535 2424 643 2478 tigia
674 2438 923 2478 sequamur,
955 2423 999 2464 id
1029 2423 1297 2476 potissimum
1337 2436 1532 2475 agamus,
1564 2427 1612 2464 ut
1644 2423 1736 2464 dili-

209 2484 360 2534 genter
396 2481 515 2523 illam
561 2480 830 2535 exploratam
869 2484 911 2521 et
948 2479 1182 2521 refutatam
1224 2478 1495 2533 abjicimnuffi
1543 2480 1736 2533 alioquin

208 2538 513 2592 contemplatio
537 2538 772 2580 christiana
796 2537 894 2578 inde
919 2551 1004 2577 non
1029 2540 1361 2590 promoveretur,
1387 2536 1514 2577 immo
1543 2536 1737 2578 retarda-

210 2597 341 2635 retur.
403 2594 519 2649 Quin
556 2595 685 2636 etiam
722 2594 1073 2648 philosophorum
1115 2593 1336 2634 sententiis
1374 2593 1544 2635 omnino
1583 2594 1737 2647 spretis

210 2664 263 2692 ne
293 2651 373 2705 ipsi
404 2651 577 2705 quidem
605 2651 661 2693 ad
691 2665 836 2693 veram
866 2650 1145 2692 christianam
1172 2650 1575 2704 contemplationem
1600 2650 1737 2691 colen-

211 2707 311 2749 dam
333 2708 476 2750 idonei
501 2722 705 2759 essemus3
731 2722 784 2750 ex
806 2722 953 2749 eorum
978 2706 1089 2748 enim
1111 2705 1232 2747 libris
1256 2719 1340 2749 non
1363 2707 1499 2749 solum
1514 2706 1737 2760 judicandi

210 2778 388 2807 acumen
411 2765 615 2820 augescit,
637 2764 712 2807 sed
731 2764 860 2806 etiam
885 2763 1204 2817 contemplandi
1226 2762 1287 2805 vis
1313 2764 1544 2805 invalescit.
1592 2755 1737 2817 Quare

1413 2832 1464 2868 1ss
