1949 3066
988 179 1013 224 8

241 334 405 374 semper
441 319 588 362 adesse
625 334 676 361 ex
715 320 901 362 humana
937 321 1043 376 legis
1074 322 1247 364 moralis
1284 322 1521 365 reverentia
1561 327 1753 379 apparet.

239 377 333 418 Iam
366 377 399 418 si
432 378 519 418 sola
551 377 718 418 ratione
741 392 975 432 ageremur,
999 383 1090 421 tum
1113 379 1218 433 legis
1241 381 1523 422 reverentiam
1540 381 1582 421 in
1598 382 1755 435 agendi

239 433 447 475 rationem
483 434 609 486 plane
645 434 941 487 reciperemus.
1003 435 1088 477 Sed
1126 436 1251 476 simul
1289 437 1477 478 sensibili
1508 442 1663 479 natura
1694 439 1755 479 in-

239 489 375 543 deque
413 490 759 531 inclinationibus
798 494 839 532 et
870 492 1179 545 cupiditatibus
1209 491 1350 533 affecti
1380 507 1535 534 sumus.
1595 494 1775 549 (9113111-Ἰ

237 547 294 586 ris
335 561 410 599 per
448 561 489 587 se
520 548 686 588 ratione
719 561 863 589 omnes
895 549 1151 602 cupiditates
1183 549 1375 602 superari
1406 554 1578 603 queant,
1609 555 1751 593 tamen

236 603 447 644 vationem
485 604 792 657 cupiditatibus
820 605 977 646 victam
1008 620 1099 648 esse
1130 609 1311 647 constat.
1370 605 1502 660 Cujus
1532 608 1594 648 rei
1624 621 1752 649 causa

237 674 336 700 sane
374 660 586 712 explorari
625 661 785 713 nequit.
846 660 931 702 Sed
970 677 1096 715 quum
1138 676 1301 716 semper
1340 662 1433 716 lege
1464 664 1616 705 morali
1647 663 1751 706 exci-

236 719 391 761 temur,
439 717 659 770 ut-ipsam
699 731 944 771 sequamur,
990 719 1275 760 necessarium
1306 724 1390 771 est,
1432 724 1478 760 ut
1510 721 1547 761 ei
1579 721 1750 761 obedire

234 773 454 825 possimus.
514 772 599 826 Qui
637 788 887 827 progressus
927 774 983 815 ad
1019 775 1179 816 bonum
1211 790 1311 817 sane
1342 790 1427 826 non
1457 777 1592 830 magis
1623 777 1751 831 expli-

235 830 321 869 cari
365 834 507 883 potest
553 845 681 883 quam
723 832 950 884 propensio
998 832 1053 873 ad
1090 832 1260 872 malum.
1319 832 1519 886 Apparet
1556 848 1654 875 vero
1690 834 1750 874 in-

234 885 373 926 dolem
418 887 574 927 bonam
619 901 703 927 non
742 901 864 940 posse
903 889 1073 929 restitui
1114 889 1195 929 nisi
1237 894 1379 931 mente
1423 904 1598 943 prorsus
1643 905 1751 932 com-

232 946 399 983 mutata
431 944 500 994 (cf.
514 944 694 996 primam
724 944 821 985 libri
852 949 980 986 antea
1011 945 1178 986 laudati
1206 946 1406 999 partem).
1450 945 1572 1000 Quae
1597 947 1751 988 mentis

181 1016 184 1019 ’
232 1000 509 1040 commutatio
541 1015 625 1041 non
656 999 705 1041 fit
735 1001 816 1042 nisi
846 1016 990 1054 pugna
1022 1003 1228 1043 acerrima
1257 1003 1370 1043 inter
1399 1003 1559 1044 bonum
1591 1007 1633 1044 et
1663 1018 1750 1044 ma-

229 1054 317 1096 lum
347 1056 601 1110 principium
628 1057 817 1098 suborta.
865 1058 1088 1112 Ejusmodi
1111 1073 1254 1113 pugna
1281 1074 1363 1100 non
1384 1064 1505 1100 extra
1524 1060 1748 1112 hominem,

232 1112 305 1152 sed
343 1113 384 1152 in
422 1113 591 1154 homine
623 1114 866 1155 decernitur
896 1119 1025 1168 atque
1066 1119 1281 1157 certamen
1312 1120 1375 1157 est
1406 1117 1517 1157 inter
1547 1117 1749 1157 virtutem

232 1171 274 1209 et
318 1169 550 1211 humanam
596 1171 822 1223 malitiam,
867 1172 979 1213 inter
1018 1186 1197 1225 regnum
1234 1173 1339 1214 lucis
1376 1177 1417 1214 et
1449 1173 1748 1225 tenebrarum3

230 1229 459 1279 utrumque
504 1227 614 1267 enim
659 1228 881 1281 imperium
915 1229 1097 1269 hominis
1135 1227 1309 1270 affectat
1346 1230 1510 1282 sibique
1546 1230 1746 1271 vindicat.

231 1281 299 1331 (cf.
330 1282 511 1323 alteram
542 1284 566 1324 1.
595 1298 627 1325 c.
649 1286 846 1337 partem.)
906 1285 1146 1328 Victoriam
1176 1300 1273 1327 vero
1305 1286 1559 1339 principium
1588 1287 1749 1328 bonum

228 1352 358 1391 regno
391 1339 531 1380 divino
564 1341 734 1381 condito
766 1345 973 1395 reportat.
1034 1342 1105 1389 (cf.
1136 1343 1310 1383 tertiam
1341 1343 1532 1397 ejusdem
1564 1343 1661 1384 libri
1688 1344 1746 1397 p.)

341 1395 455 1449 Quin
487 1395 633 1438 Cantii
663 1398 917 1450 interfuerit,
949 1403 997 1439 ut
1029 1399 1390 1452 quemadmodum
1420 1400 1642 1441 moralitas
1673 1400 1748 1440 hu-

227 1466 352 1493 mana
385 1452 625 1494 efficeretur
657 1455 908 1498 ostenderet.
935 1455 1124 1504 dubitari
1144 1470 1227 1496 11011
1254 1460 1413 1509 potest;
1446 1456 1520 1498 sed
1543 1456 1748 1498 moralem

228 1508 528 1561 perfectionem
554 1525 629 1552 nos
651 1525 735 1551 non
768 1512 915 1564 quavis
946 1513 1112 1553 ratione
1145 1513 1347 1566 consequi
1377 1527 1473 1554 eum
1503 1527 1588 1554 non
1618 1512 1747 1566 fugit3

227 1566 353 1606 immo
384 1567 619 1608 arctissime
654 1582 747 1609 eam
779 1582 873 1609 cum
897 1569 1037 1609 divino
1061 1569 1179 1610 cultu
1200 1569 1266 1610 vel
1291 1570 1496 1623 religione
1519 1570 1747 1611 cohaerere

226 1637 475 1675 persuasum
508 1624 670 1665 habuit.
718 1623 1022 1678 Quaerendum
1053 1626 1184 1678 igitur
1214 1629 1315 1667 ante
1346 1626 1487 1667 omnia
1512 1626 1604 1678 erit,
1637 1641 1746 1679 quae

225 1680 338 1720 ratio
371 1679 407 1719 ei
438 1680 549 1721 inter
579 1681 829 1734 religionem
861 1686 903 1723 et
934 1682 1219 1723 conditionem
1249 1683 1454 1725 moralem
1480 1683 1746 1725 intercedere

226 1735 315 1776 visa
347 1736 413 1776 sit.

337 1792 545 1834 Moralem
577 1791 757 1834 Cautius
789 1797 949 1835 statum
982 1809 1076 1836 eum
1108 1809 1198 1836 esse
1229 1800 1383 1847 censet,
1417 1810 1499 1849 quo
1532 1795 1626 1849 quis
1654 1795 1745 1837 sola

224 1848 330 1901 legis
365 1849 603 1890 reverentia
645 1855 978 1903 commoveatur,
1024 1856 1071 1893 ut
1113 1867 1205 1893 eam
1236 1852 1423 1905 impleat,
1469 1867 1607 1905 neque
1645 1867 1744 1894 vero

224 1906 407 1947 numinis
437 1906 621 1959 supremi
639 1908 896 1948 auctoritate
918 1909 1110 1961 indigeat
1135 1908 1190 1950 ad
1212 1907 1348 1950 officia
1368 1923 1444 1950 sua
1461 1909 1743 1962 exsequenda.

225 1961 369 2015 Quare
415 1963 448 2003 si
492 1962 768 2004 nihilominus
813 1979 908 2005 cum
965 1965 1211 2006 moralitate
1256 1965 1444 2006 humana
1496 1966 1743 2018 religionem

225 2018 538 2071 quodammodo
583 2019 809 2061 cohaerere
858 2022 1024 2073 sumsit,
1082 2025 1262 2075 apparet
1316 2036 1409 2063 eam
1455 2022 1517 2062 illi
1566 2022 1744 2076 adjungi

223 2089 307 2119 non
343 2076 529 2128 potuisse
567 2076 647 2116 nisi
683 2076 967 2118 additamenti
1003 2078 1150 2118 instar.
1211 2077 1344 2120 Sedes
1382 2093 1481 2119 vero
1521 2079 1742 2132 utriusque

223 2132 333 2172 ratio
364 2133 550 2173 humana
582 2133 618 2173 ei
650 2133 818 2174 videtur
849 2148 958 2185 esse;
989 2134 1087 2175 inde
1119 2135 1229 2176 0111111
1260 2135 1428 2187 legibus
1451 2149 1541 2176 sese
1564 2136 1740 2176 obstric-

224 2192 314 2228 tum
360 2196 705 2242 unumquemque
750 2204 919 2232 censere
957 2196 997 2232 et
1044 2191 1184 2232 ideam
1225 2192 1377 2232 summi
1417 2192 1518 2233 boni
1554 2192 1620 2234 vel
1656 2192 1740 2233 Dei

222 2244 432 2297 profluere
464 2246 628 2286 statuit.
658 2245 753 2286 Iam
785 2261 915 2299 quum
941 2248 1053 2289 ratio
1078 2248 1262 2289 facultas
1293 2248 1483 2289 idearum
1517 2249 1582 2300 sit,
1615 2263 1742 2302 quae-

222 2301 341 2353 ritur,
368 2316 474 2354 quae
497 2303 780 2344 necessitudio
804 2304 916 2345 inter
939 2305 1186 2357 religionem
1211 2304 1529 2346 manifestatam
1554 2309 1596 2346 et
1612 2306 1742 2346 ratio-

222 2358 361 2398 nalem
402 2359 658 2409 intercedat3
698 2374 798 2400 nam
829 2360 917 2401 sine
947 2361 1053 2402 ideis
1085 2375 1135 2401 ne
1166 2361 1356 2402 revelata
1388 2361 1559 2415 quidem
1590 2362 1740 2415 religio

222 2414 401 2466 mig-itari
439 2418 592 2468 1101001.
653 2415 768 2469 Quid
806 2417 976 2464 mirum,
1020 2419 1052 2459 si
1084 2418 1130 2458 in·
1158 2417 1363 2470 religione
1394 2419 1584 2460 revelata
1622 2418 1741 2459 illam

222 2474 426 2522 tanquam
469 2472 663 2512 nucleum
711 2474 881 2514 subesse
927 2478 1057 2527 atque
1103 2475 1313 2515 duntaxat
1361 2475 1616 2516 arctioribus
1661 2475 1741 2516 hac

221 2527 412 2567 terminis
444 2528 731 2570 circumscribi
763 2530 1011 2571 contendit?
1061 2528 1206 2584 Quare
1238 2530 1330 2572 fieri
1362 2535 1513 2584 potest,
1545 2535 1593 2572 ut
1623 2535 1740 2572 utra-

222 2597 302 2635 que
346 2584 458 2624 inter
506 2598 548 2625 sc
595 2587 848 2627 consentiat.
909 2586 1048 2640 Quem
1093 2601 1359 2639 consensum,
1413 2588 1512 2641 quin
1559 2586 1740 2628 Cautius

220 2638 387 2680 efficere
425 2641 647 2682 studuerit.
679 2656 763 2682 non
795 2647 859 2683 est
889 2643 1075 2684 dubium.
1137 2643 1222 2685 Sed
1252 2644 1499 2697 religionem
1533 2644 1739 2698 ejusmodi

221 2695 408 2747 exhibet,
450 2711 557 2749 quae
596 2699 751 2739 nemini
790 2699 981 2741 sufficere
1014 2705 1162 2753 queat,
1198 2714 1275 2741 nec
1306 2700 1522 2754 theologo,
1554 2726 1606 2730 —
1638 2715 1737 2741 nam

220 2766 363 2794 omnes
399 2752 495 2794 fidei
535 2768 601 2796 res
643 2755 685 2796 in
722 2755 839 2797 ideas
869 2757 1052 2799 morales
1093 2757 1383 2799 dissolvuntur
1415 2782 1464 2786 —
1498 2770 1575 2799 nec
1604 2757 1737 2812 philo-
