1949 3066
938 169 961 212 7

176 323 227 351 ea
266 321 343 362 pro
379 306 585 361 indignis,
633 306 735 361 quin
773 308 903 350 etiam
946 323 1022 364 pro
1067 308 1265 351 hostibus
1308 310 1491 352 libenter
1532 325 1575 351 se
1616 324 1709 353 eva-

176 378 343 417 cuasse,
401 368 449 405 ut
500 378 571 405 eos
626 364 680 406 ab
739 369 917 407 aeterna
972 367 1158 420 pernicie
1214 373 1423 420 servaret,
1480 367 1708 409 admiratio

177 426 324 464 nostra
355 421 481 463 valde
512 425 754 463 moveretur
784 437 949 464 necnon
980 438 1100 465 amor
1132 424 1384 478 animusque
1425 428 1575 478 gratus
1603 425 1710 467 exci-

176 482 354 521 taretur.
413 477 588 519 Pariter
612 478 726 526 ‘idea
762 480 854 533 ejus
885 481 998 522 vitae
1039 481 1213 522 moralis
1243 495 1620 533 commoveremur,
1663 486 1709 522 ut

177 551 270 578 eam
302 549 588 589 sequeremur,
621 549 758 589 neque
790 550 889 577 vero
922 537 1011 590 ipse
1044 538 1283 591 exemplum
1306 538 1561 579 imitandum
1586 539 1710 580 nobis

178 593 358 647 proponi
388 596 553 646 posset,
587 606 719 646 quum
750 593 849 634 inde
882 608 965 634 non
998 599 1267 648 sequeretur,
1300 600 1347 636 ut
1379 610 1475 637 eum
1507 610 1711 650 aequare-

179 663 281 691 mus.
341 648 466 691 Idem
513 648 657 690 divina
704 653 847 692 mente
884 651 1128 704 praeditus,
1176 652 1250 694 sed
1290 653 1461 706 proprie
1500 653 1710 693 humanus

179 710 434 761 praeceptor
461 707 557 761 jure
588 705 780 760 profecto
813 721 1004 748 asserere
1035 713 1198 762 posset,
1240 709 1457 763 exemplar
1487 710 1588 750 boni
1621 724 1711 751 sese

178 763 315 817 ipsum
352 777 462 815 esse;
502 763 592 817 ipse
630 763 741 804 enim
780 767 873 804 tum
911 764 964 805 de
1004 779 1053 806 ea
1094 770 1236 807 mente
1276 766 1542 820 loqueretur,
1581 781 1711 820 quam

177 834 372 862 normam
416 819 573 874 agendi
618 820 699 861 sibi
743 819 932 872 fecisset3
982 836 1109 875 quam
1158 837 1288 876 quum
1335 823 1572 876 exemplum
1610 838 1711 864 sane

177 877 291 929 aliis,
352 892 437 919 non
484 877 564 919 81111
609 877 719 931 ipsi*¹
735 877 1011 919 manifestare
1056 883 1218 932 posset,
1271 880 1476 921 doctrinis
1525 880 1624 921 80118
1671 884 1712 921 et

176 934 304 975 rebus
335 935 467 988 gestis
497 934 762 988 patefaceret
794 935 911 989 (quis
937 940 1126 977 vestrum
1151 937 1315 990 peccati
1344 951 1409 978 1110
1440 941 1647 990 coarguat
1659 936 1711 992 P).

178 989 264 1032 Sed
302 1005 487 1045 aequum
526 995 591 1033 est
630 991 872 1046 exemplum
908 993 1280 1046 irreprehensibile
1326 994 1521 1047 magistri
1554 1009 1712 1046 eorum,

178 1062 289 1102 quae
321 1048 461 1101 docet,
503 1049 645 1090 animo
678 1048 769 1103 ejus
805 1049 1032 1102 purissimo
1064 1050 1295 1102 ascribere,
1337 1051 1417 1091 nisi
1449 1051 1713 1092 contrarium

177 1104 307 1146 fuerit
329 1105 571 1159 probatum.
620 1104 738 1147 Talis
761 1106 928 1147 animus
950 1107 993 1146 in
1012 1107 1153 1148 ideam
1175 1108 1456 1148 humanitatis
1474 1108 1712 1149 translatus

176 1176 254 1216 pro
281 1162 478 1203 omnibus
502 1163 745 1204 hominibus
770 1177 937 1217 semper
964 1178 1106 1205 coram
1132 1178 1330 1217 suprema
1350 1164 1521 1218 justitia
1543 1165 1712 1216 valebit,

178 1219 389 1274 siquidem
420 1219 547 1261 1101110
580 1234 701 1261 suam
732 1224 930 1271 mentem,
963 1224 1010 1261 ut
1041 1236 1120 1274 par
1151 1225 1226 1273 est,
1269 1221 1332 1262 illi
1364 1221 1543 1262 similem
1574 1221 1713 1262 reddi-

177 1275 301 1317 derit.
348 1274 462 1318 Sane
493 1291 660 1331 semper
693 1277 903 1331 ejusmodi
921 1277 1093 1331 justitia
1120 1278 1260 1319 aliena
1284 1279 1405 1319 nobis
1432 1278 1523 1320 erit.
1557 1279 1712 1333 quippe

178 1347 311 1387 quum
341 1337 535 1375 nostram
562 1334 785 1389 justitiam
815 1335 858 1375 in
889 1335 978 1376 vita
1009 1335 1072 1376 illi
1093 1336 1227 1376 menti
1251 1335 1551 1376 convenienter
1575 1340 1713 1376 trans-

179 1394 278 1432 acta
302 1390 536 1433 consistere
556 1394 768 1445 oporteat.
817 1391 982 1435 Verum
1008 1393 1120 1433 enim
1144 1406 1243 1433 vero
1269 1392 1362 1434 fieri
1384 1393 1519 1446 possit
1543 1406 1712 1434 necesse

179 1451 254 1499 est,
287 1451 336 1488 ut
366 1447 441 1489 illa
466 1448 639 1503 justitia
669 1452 846 1503 propter
877 1449 987 1490 hanc
1018 1464 1112 1490 011111
1139 1453 1281 1491 mente
1309 1450 1462 1503 speciei
1484 1449 1714 1503 prinmriae

178 1505 471 1546 consociatam
502 1505 753 1559 applicetur,
786 1506 886 1547 licet
918 1520 1011 1548 eain
1042 1506 1281 1560 intelligere
1313 1505 1563 1559 perdifficile
1596 1507 1662 1548 sit.

292 1561 417 1604 Haec
447 1562 503 1603 ad
535 1561 681 1604 Cantii
722 1563 964 1605 doctrinam
1004 1563 1055 1604 de
1093 1562 1179 1604 filio
1219 1563 1359 1604 divino
1392 1563 1715 1604 describendam

183 1617 411 1660 sufficiant.
459 1617 572 1661 Sane
603 1620 801 1661 nonnulli
832 1620 905 1661 alii
938 1620 1068 1661 etiam
1101 1624 1270 1661 exstant
1302 1620 1394 1672 loci,
1430 1621 1583 1674 quibus
1615 1619 1717 1674 quid

181 1675 234 1717 de
265 1690 313 1717 eo
342 1676 501 1718 sentiat
524 1676 702 1731 profert,
735 1677 809 1719 sed
837 1692 982 1719 01111108
1010 1677 1217 1731 ejusmodi
1238 1677 1360 1718 nobis
1387 1677 1588 1717 videntur
1615 1691 1716 1730 esse,

181 1736 230 1773 ut
260 1732 367 1773 nihil
397 1733 495 1775 novi
524 1735 763 1788 porrigant.
826 1733 972 1788 Quare
1004 1735 1045 1775 in
1078 1733 1349 1789 explananda
1387 1733 1717 1788 dijudicandave

181 1789 379 1832 doctrina
411 1795 538 1832 erunt
569 1791 946 1833 commemorandi.

295 1847 491 1889 Primum
536 1849 618 1889 erit
662 1848 978 1902 indagandum,
1027 1847 1388 1903 quemadmodum
1424 1847 1467 1888 in
1511 1862 1558 1888 eo
1594 1848 1716 1900 libro,

182 1918 266 1958 quo
312 1905 528 1946 sententia
573 1905 649 1947 illa
681 1906 732 1947 de
772 1904 946 1948 Christo
990 1910 1151 1957 exstat,
1194 1906 1299 1946 haec
1330 1919 1426 1946 cum
1469 1905 1622 1946 ceteris
1658 1905 1717 1946 ibi

184 1961 366 2015 prolatis
399 1963 623 2004 sententiis
655 1963 903 2008 cohaereat..

296 2017 393 2060 Nisi
424 2019 550 2061 homo
582 2019 692 2062 liber
723 2024 846 2073 esset,
879 2021 985 2061 nihil
1017 2020 1070 2061 ab
1105 2034 1152 2061 eo
1180 2023 1475 2074 perpetratum
1515 2020 1717 2073 imputari

182 2075 220 2116 ei
255 2079 402 2129 posset
439 2090 580 2130 neque
622 2077 712 2131 11180
744 2077 967 2119 moraliter
997 2077 1134 2119 bonus
1165 2078 1354 2118 malusve
1385 2077 1539 2118 vocari.
1599 2075 1717 2118 Fons

182 2132 316 2186 igitur
357 2133 546 2175 omnium
583 2133 674 2188 ejus
714 2133 952 2176 facinorum
988 2134 1170 2175 liberum
1207 2138 1272 2176 est
1309 2134 1548 2175 arbitrium.
1621 2131 1718 2175 Iam

183 2189 311 2231 homo
343 2193 502 2231 natura
533 2190 590 2232 ad
620 2190 781 2232 malum
812 2204 1050 2246 propensus
1082 2190 1147 2232 vel
1178 2195 1335 2232 natura
1366 2190 1504 2232 malus
1531 2193 1606 2242 est7
1637 2190 1662 2231 i.
1683 2205 1716 2232 e.

182 2246 347 2287 nullum
394 2248 601 2301 temporis
649 2248 836 2302 spatium
883 2248 1108 2289 invenitur.
1153 2262 1237 2301 quo
1277 2247 1439 2289 malum
1477 2248 1521 2289 in
1562 2246 1718 2300 agendi

183 2318 306 2345 suam
334 2304 547 2346 rationem
578 2305 787 2358 receperit
820 2305 885 2347 vel
917 2305 1036 2358 origo
1068 2304 1182 2345 illius
1212 2304 1508 2358 propensionis
1539 2318 1625 2345 non
1653 2308 1718 2346 est

183 2360 414 2413 sensibilis,
456 2361 584 2403 immo
622 2362 918 2415 intelligibilis.
979 2361 1131 2416 Neque
1172 2376 1271 2403 vero
1304 2361 1454 2403 eadem
1490 2361 1717 2415 propensio

182 2417 239 2459 ad
285 2417 503 2459 notionem
550 2419 719 2472 generis
764 2419 940 2460 humani
995 2422 1061 2459 est
1105 2417 1352 2469 referenda3
1414 2418 1607 2473 alioquin
1648 2433 1713 2460 ne-

184 2474 370 2516 cessaria
407 2479 450 2516 et
479 2475 650 2528 innata,
683 2489 821 2530 neque
853 2490 952 2517 vero
984 2479 1112 2529 parta
1142 2489 1280 2529 neque
1319 2489 1369 2516 ex
1406 2475 1611 2517 libertate
1642 2474 1719 2517 hu·

183 2545 312 2584 mana
342 2531 537 2585 profecta
569 2536 680 2574 esset
710 2546 849 2586 neque
881 2532 1055 2574 moralis
1090 2532 1172 2573 (1101
1193 2536 1348 2586 posset.
1411 2530 1497 2573 Sed
1525 2533 1718 2586 quamvis

185 2591 344 2629 natura
381 2589 511 2630 simus
548 2589 668 2641 mali,
705 2593 849 2631 tamen
889 2589 996 2643 legis
1027 2589 1202 2630 moralis
1234 2589 1356 2630 nobis
1387 2603 1532 2630 sumus
1563 2589 1719 2631 conscii

184 2648 316 2699 atque
348 2645 404 2687 ad
434 2660 512 2687 nos
544 2645 821 2700 corrigendos
854 2645 1004 2688 eadem
1034 2645 1129 2699 lege
1151 2646 1423 2700 impellimur.
1472 2645 1601 2700 Quod
1626 2645 1718 2688 fieri

186 2715 272 2742 non
302 2706 457 2756 posset,
489 2702 571 2744 nisi
600 2703 715 2745 bona
745 2702 889 2744 indole
920 2702 1103 2757 praediti
1136 2716 1341 2754 essemus;
1373 2717 1483 2756 quae
1515 2717 1616 2744 sane
1646 2703 1718 2745 ob-

186 2758 253 2801 rui
291 2763 334 2800 et
372 2760 580 2814 perverti,
620 2759 695 2802 sed
732 2773 982 2802 evanescere
1023 2773 1257 2814 numquam
1295 2760 1447 2814 potuit.
1521 2759 1718 2803 Eandem
