1949 3066
983 147 1038 204 3¹6

242 294 404 340 Christi
444 296 667 352 dignitate,
715 297 758 339 in
797 299 931 340 solam
968 300 1213 354 opinionem
1248 299 1406 341 nemini
1438 295 1767 356 impertiendam

241 355 448 397 diffluere.
508 356 725 397 Docemur
756 356 867 397 enim
900 356 1142 408 cognitione
1183 356 1273 398 sola
1306 358 1530 399 absolutae
1561 373 1655 399 cum
1688 359 1768 400 deo

239 412 511 454 indentitatis
542 424 887 466 unumquemque
917 412 1091 453 beatum
1127 412 1252 454 reddi
1282 413 1409 454 rebus
1439 414 1524 455 illis
1554 415 1768 456 historicis

241 468 454 510 duntaxat
486 468 707 509 scientiam
752 472 942 509 nostram
981 469 1147 522 augerig
1189 482 1329 524 neque
1374 470 1485 511 enim
1530 471 1767 526 quidquam

238 524 386 576 refert,
420 538 505 578 qua
537 525 630 578 quis
659 525 728 565 via
759 524 816 566 ad
842 525 1053 565 unitatem
1076 539 1171 566 cum
1197 525 1275 567 deo
1300 539 1391 566 sese
1414 527 1553 578 tollat,
1578 527 1768 569 dummo-

239 580 293 621 do
325 580 516 635 profecto
547 595 641 621 cum
673 580 752 621 deo
784 581 1082 634 conjungatur,
1113 586 1244 635 atque
1275 595 1449 636 prorsus
1480 583 1631 624 inutile
1653 583 1767 626 vide-

238 641 309 677 tur
340 651 442 688 esse,
473 637 722 678 memoriam
753 637 883 677 solius
914 638 1006 678 viae
1044 652 1212 692 semper
1243 638 1471 680 celebrare.
1530 639 1595 680 At
1625 640 1660 680 si
1690 653 1767 694 per

235 692 460 735 Christum
506 693 643 734 solum
689 692 745 734 ad
791 693 918 734 deum
964 693 1232 746 deducimur,
1279 698 1371 735 tum
1415 694 1536 737 flocci
1579 710 1664 737 non
1701 700 1768 738 est

236 749 495 801 habendum,
528 762 614 804 qua
646 749 740 803 quis
771 749 838 790 via
871 764 966 790 cum
989 750 1083 791 Deo
1116 752 1419 804 conjungatur,
1451 766 1550 792 nam
1573 751 1766 806 profecto

236 820 322 847 una
352 805 396 846 id
427 805 522 846 fieri
552 809 697 860 potest
726 806 807 847 via.
858 805 913 846 In
944 810 1114 847 tantam
1145 808 1456 848 sententiarum
1486 809 1767 863 repugnanti-

235 876 305 903 am
335 861 387 903 F.
419 876 521 903 sane
552 862 771 916 conjectus
802 876 887 903 non
919 866 1041 914 esset,
1080 863 1115 903 si
1147 863 1373 905 discrimen
1411 864 1525 905 inter
1562 878 1683 905 suam
1715 865 1766 906 de

235 916 409 960 Christo
442 919 700 960 sententiam
741 922 783 960 et
818 919 1097 960 christianam
1128 919 1370 961 doctrinam
1399 921 1558 962 rectius
1587 934 1767 976 perpen-

235 975 385 1026 disset3
417 975 523 1015 nihil
554 975 666 1016 enim
695 975 833 1028 magis
870 978 996 1016 nocet
1037 988 1166 1029 quam
1205 977 1448 1030 conjunctio
1479 991 1623 1018 rerum
1654 977 1768 1019 inter

235 1045 279 1072 33
310 1032 636 1073 contrariarum.
684 1030 771 1072 Sed
801 1045 878 1086 per
909 1045 953 1072 se
975 1031 1168 1086 profecto
1193 1037 1388 1088 apparet,
1419 1033 1524 1074 nihil
1549 1035 1767 1086 interesse,

235 1101 320 1142 qua
366 1089 460 1142 quis
504 1088 672 1129 ratione
717 1087 773 1129 ad
817 1087 980 1129 Fichtii
1027 1102 1121 1129 cum
1167 1089 1246 1130 deo
1286 1090 1500 1130 unitatem
1541 1090 1768 1141 evehatur3

233 1157 372 1198 neque
413 1145 524 1185 enim
556 1144 793 1198 quidquam
823 1144 1069 1197 requiritur,
1109 1146 1189 1186 nisi
1218 1150 1268 1186 ut
1297 1146 1429 1186 vitam
1461 1161 1582 1188 suam
1614 1146 1693 1188 deo
1724 1147 1769 1187 in

233 1201 326 1255 ipso
364 1201 583 1242 habitanti
620 1201 797 1242 tribuat.
856 1200 912 1241 Id
949 1215 1048 1243 vero
1080 1201 1130 1242 F.
1169 1202 1376 1255 exposcit,
1420 1216 1557 1256 neque
1595 1203 1767 1257 probat,

233 1261 378 1298 utrum
411 1258 504 1312 quis
528 1257 736 1298 facultate
763 1257 854 1311 ejus
877 1257 939 1298 rei
961 1257 1267 1312 adipiscendae
1291 1259 1346 1300 sit
1372 1259 1596 1311 praeditus
1624 1273 1768 1301 necne.

233 1313 507 1355 Postremum
539 1314 574 1354 si
614 1317 826 1365 vetamur,
873 1327 925 1354 ne
964 1315 1257 1368 exquiramus,
1304 1315 1418 1356 unde
1454 1320 1545 1357 tam
1581 1319 1769 1369 augusta

235 1383 363 1424 quam
381 1368 543 1411 Christi
572 1383 757 1424 persona
787 1370 1010 1425 prodierit,
1042 1384 1173 1424 quum
1203 1385 1342 1425 neque
1359 1371 1392 1413 J
1394 1386 1490 1413 esus
1514 1372 1606 1426 ipse
1630 1385 1769 1427 neque

233 1426 266 1468 J
270 1441 430 1468 03111133
463 1426 515 1467 de
546 1440 596 1467 ea
627 1441 673 1468 re
703 1426 1000 1481 philosophati
1032 1428 1117 1467 sint
1149 1427 1208 1482 (p.
1236 1428 1351 1481 344),
1383 1428 1474 1483 ipse
1506 1428 1586 1469 sibi
1615 1442 1769 1483 repug-

232 1487 320 1535 nat,
353 1484 511 1539 quippe
543 1483 616 1537 qui
633 1482 665 1524 J
669 1497 849 1524 oannem
881 1483 933 1524 de
951 1497 1001 1524 ea
1024 1498 1070 1525 re
1100 1484 1314 1536 cogitasse
1344 1485 1434 1539 ipse
1461 1485 1616 1526 doceat
1634 1485 1767 1540 (159),

233 1552 364 1594 quum
393 1539 709 1595 praefationem
750 1539 839 1593 ejus
879 1539 923 1579 in
959 1553 1008 1581 eo
1047 1540 1209 1582 versari
1246 1541 1492 1593 contendat,
1532 1555 1607 1582 cur
1638 1540 1768 1582 Jesus

231 1596 294 1637 ita
326 1596 377 1638 de
424 1610 468 1638 se
509 1596 700 1649 cogitare
748 1596 960 1650 potuerit,
1010 1609 1139 1650 quam
1175 1596 1355 1649 faceret,
1400 1601 1628 1652 praeterea
1667 1612 1767 1639 vero

231 1652 423 1707 profecto
470 1652 502 1694 J
506 1666 665 1694 oannes
710 1653 917 1705 originem
964 1652 1043 1693 filii
1083 1652 1214 1694 divini
1258 1657 1480 1696 aeternam
1528 1654 1769 1696 describere

233 1709 410 1761 studuit,
443 1709 478 1750 si
508 1709 551 1749 in
579 1723 627 1750 eo
651 1708 741 1750 solo
775 1709 894 1762 λόγον
916 1713 1139 1750 aeternum
1161 1710 1383 1752 habitasse
1408 1710 1609 1752 ostendit.
1655 1710 1768 1752 Nus-

233 1779 361 1820 quam
391 1779 490 1807 vero
522 1766 565 1806 in
598 1778 836 1820 quoquam,
881 1766 954 1819 qui
985 1780 1079 1807 cum
1111 1765 1205 1808 Deo
1237 1767 1542 1821 conjungatur,
1587 1767 1769 1809 eundem

233 1821 353 1875 λόγον
383 1821 701 1867 carnemeffici
730 1822 901 1876 probat.

346 1878 552 1932 Quamvis
579 1878 635 1920 ad
664 1877 847 1919 salutem
869 1892 1145 1933 nequaquam
1164 1879 1449 1921 necessarium
1473 1893 1563 1921 esse
1587 1879 1769 1921 arbitre-

231 1949 347 1988 mur,
388 1940 437 1976 ut
478 1935 610 1978 Jesus
639 1934 859 1976 Nazareni
899 1936 1108 1988 originem
1145 1939 1189 1977 et
1228 1940 1429 1977 naturam
1471 1936 1643 1990 penitus
1674 1950 1769 1991 per-

231 1992 475 2046 spiciamus,
522 1996 668 2032 tamen
711 2005 793 2045 quo
841 1992 1034 2033 veritatis
1082 1992 1223 2033 studio
1270 2007 1414 2034 sumus
1451 1993 1636 2047 impleti,
1682 2006 1766 2033 non

230 2061 477 2103 possumus,
519 2048 622 2103 quin
659 2048 788 2088 altius
824 2048 867 2088 in
897 2049 1147 2101 mysterium
1179 2049 1270 2102 ejus
1300 2063 1511 2103 personae
1551 2048 1768 2103 inquirere

234 2105 495 2146 studeamus.
555 2103 656 2146 Non
692 2104 811 2158 prius
851 2105 984 2157 igitur
1014 2105 1374 2159 acquiescendum
1416 2119 1505 2146 esse
1537 2118 1767 2157 censemus,

234 2174 363 2215 quam
393 2161 593 2214 aenigma
612 2161 736 2214 ,vitae
769 2161 859 2214 ejus
891 2160 1022 2203 fuerit
1053 2162 1253 2203 solutum.
1306 2161 1465 2203 Utrum
1497 2175 1687 2216 unquam
1719 2175 1768 2203 eo

231 2218 481 2272 perventuri
525 2217 667 2268 simus,
716 2221 765 2258 ut
812 2218 948 2258 omnis
995 2218 1134 2271 caligo
1176 2218 1307 2259 oculis
1346 2219 1503 2260 nostris
1548 2218 1768 2259 adimatur

231 2288 383 2326 necne,
433 2274 659 2315 nescimus.
719 2272 806 2314 Sed
846 2273 891 2314 id
929 2287 1183 2328 persuasum
1229 2275 1453 2323 habemus,
1501 2273 1768 2315 Straussium

230 2330 292 2378 iis,
326 2344 436 2385 quae
466 2331 510 2371 in
541 2330 629 2371 vita
661 2344 738 2370 sua
763 2329 795 2371 J
799 2343 894 2371 esus
927 2331 1029 2384 (vol.
1046 2330 1108 2381 H,
1141 2331 1165 2384 ἓ
1191 2330 1290 2383 151)
1315 2330 1508 2385 protulit,
1541 2329 1768 2372 difficulta-

230 2391 317 2427 tem
348 2387 427 2428 filii
460 2387 590 2427 divini
621 2400 706 2427 non
738 2386 924 2437 solvisse,
956 2387 1031 2427 sed
1062 2391 1233 2428 tantum
1250 2387 1480 2429 distulisse.
1533 2386 1768 2429 Contendit

231 2444 343 2484 enim
381 2444 415 2484 si
455 2443 553 2484 idea
593 2443 775 2484 unitatis
814 2443 983 2484 divinae
1022 2447 1064 2484 et
1102 2444 1315 2484 humanae
1355 2448 1538 2484 naturae
1574 2442 1767 2498 profecto

233 2500 298 2551 sit,
329 2499 373 2540 id
404 2514 489 2541 non
522 2499 775 2553 significare,
808 2513 902 2540 eam
925 2500 968 2539 in
992 2514 1076 2541 uno
1099 2498 1321 2541 individuo
1346 2500 1476 2541 semel
1502 2500 1766 2554 apparuisse,

232 2569 362 2610 quum
385 2556 508 2598 ideae
531 2556 654 2610 copia
681 2556 724 2596 in
749 2570 879 2596 unam
903 2557 1086 2610 speciem
1110 2569 1330 2610 nunquam
1355 2555 1611 2607 effundatur,
1638 2556 1765 2597 immo

230 2612 274 2653 in
305 2614 515 2654 varietate
547 2613 794 2667 specierum,
827 2625 937 2666 quae
969 2626 1059 2654 sese
1091 2613 1268 2654 invicem
1301 2613 1493 2668 exipiant
1529 2616 1571 2654 et
1595 2612 1766 2664 tollant,

230 2668 430 2711 habitare
463 2669 611 2711 soleat.
660 2668 785 2710 Unde
817 2668 995 2722 colligit,
1028 2682 1138 2724 quae
1171 2669 1351 2711 ecclesia
1382 2667 1556 2711 Christo
1587 2669 1766 2721 tribuat,

232 2724 284 2769 de
324 2739 479 2781 genere
525 2725 712 2769 humano
760 2725 838 2769 sub
885 2726 1026 2784 specie
1070 2725 1343 2770 aeternitatis
1390 2726 1581 2782 cogitato
1626 2725 1766 2770 valere
