1949 3066
997 189 1051 236 20

260 329 401 372 omnia
432 328 488 370 ad
519 328 645 370 deum
675 327 889 369 hominem
927 328 1090 370 factum
1130 328 1328 382 tendunt,
1369 333 1516 372 tamen
1553 330 1782 385 singularis

258 386 384 427 homo
415 399 500 426 non
532 388 596 427 est
628 384 795 425 divinus
825 384 954 437 filius,
1002 385 1076 426 sed
1120 385 1289 426 finitum
1330 386 1470 440 ipsum
1508 403 1559 429 ex
1599 388 1783 429 essentia

257 442 391 495 patris
431 442 564 494 ipsius
602 445 809 482 exortum.
869 440 995 482 Unde
1026 441 1186 483 factum
1218 447 1293 493 est,
1324 447 1373 483 ut
1404 442 1691 497 Schellingius
1722 443 1779 484 ad

259 498 466 551 ejusmodi
497 497 565 539 dei
595 496 729 538 filium
761 497 1045 538 deduceretur
1076 502 1117 539 et
1139 498 1181 538 in
1207 512 1255 539 eo
1282 499 1601 552 acquiesceret?
1632 499 1781 553 Appa-

260 558 328 595 ret
359 568 531 594 causam
563 553 653 606 ejus
683 553 745 594 rei
775 554 820 593 in
847 552 1166 607 Schellingiana
1194 554 1262 596 dei
1292 556 1465 596 notione
1498 556 1786 608 quaerendam

261 624 363 651 esse.
424 608 470 650 Si
515 623 609 651 cum
656 609 840 650 essentia
887 609 1029 651 divina
1074 610 1315 651 necessario
1361 611 1452 663 ejus
1495 612 1787 653 manifestatio

261 666 547 719 conjungitur,
579 665 857 706 statuendum
889 670 953 706 est
990 666 1042 707 ab
1076 671 1251 707 aeterno
1283 666 1409 707 deum
1450 681 1541 709 sese
1577 668 1786 709 revelasse

262 727 304 763 et
336 722 370 762 si
401 721 506 763 deus
538 722 644 762 nihil
676 726 741 763 est
781 722 862 762 nisi
900 722 1053 775 copula
1094 723 1303 764 essentiae
1344 727 1385 764 et
1417 722 1590 775 formae,
1630 722 1788 765 infiniti

260 782 302 819 et
334 777 453 829 finiti,
486 778 685 831 objectivi
717 782 759 819 et
790 778 1023 831 subjectivi,
1054 780 1294 820 necessario
1322 793 1412 820 sese
1438 780 1481 820 in
1505 781 1698 821 omnibus
1723 794 1786 821 re-

259 836 339 876 bus
369 833 500 875 finitis
527 834 698 885 revelat.
730 849 868 888 neque
895 849 994 876 vero
1026 835 1069 875 in
1093 849 1277 888 persona
1302 835 1519 888 singulari.
1569 835 1655 877 Sed
1681 836 1785 889 quid

261 890 364 931 deus
395 890 513 931 aliud
538 894 602 932 est
629 905 757 944 quam
781 891 899 931 notio
925 890 1145 944 cogitata?
1191 890 1237 932 Si
1264 905 1353 932 sese
1379 891 1567 933 affirmat
1592 893 1634 933 in
1659 893 1787 934 rebus

262 947 408 997 finitis,
461 946 560 988 inde
598 947 740 1000 colligi
776 947 944 1000 nequit,
992 962 1088 989 eum
1133 947 1214 988 sibi
1253 962 1342 989 esse
1383 952 1579 1001 apertum
1616 949 1682 990 vel
1721 949 1786 990 sui

263 1003 487 1044 conscium.
548 1003 594 1044 Si
633 1003 726 1056 ipsa
764 1004 855 1057 ejus
891 1004 1103 1057 apparitio
1140 1004 1184 1044 in
1220 1018 1352 1057 regno
1389 1008 1570 1046 naturae
1608 1009 1673 1046 est
1703 1006 1787 1046 exi-

262 1060 419 1100 stentia
461 1063 503 1100 et
545 1059 741 1111 essentia,
782 1063 875 1100 tum
916 1074 1011 1101 011111
1052 1073 1101 1100 ea
1139 1059 1252 1101 idem
1292 1064 1356 1101 est
1397 1066 1527 1114 atque
1564 1062 1715 1103 crescit
1745 1065 1788 1103 et

262 1115 453 1168 augescit
485 1118 527 1156 et
556 1118 760 1156 mutatur.
807 1115 908 1158 Vim
935 1115 1152 1169 quandam
1175 1120 1356 1157 naturae
1382 1118 1666 1160 universalem
1692 1132 1788 1159 eum

262 1175 452 1212 statuere
475 1171 647 1224 poteris,
679 1185 817 1225 neque
847 1186 946 1213 vero
970 1172 1168 1225 spiritum
1196 1172 1261 1213 sui
1286 1173 1498 1214 conscium
1524 1178 1566 1215 et
1593 1174 1787 1216 liberum.

263 1227 295 1268 J
299 1241 367 1268 am
399 1242 529 1280 quum
559 1227 681 1269 Deus
711 1242 796 1269 11011
828 1228 882 1269 sit
912 1242 1106 1281 persona,
1139 1228 1213 1270 sed
1245 1230 1440 1281 essentia,
1471 1244 1523 1271 ne
1554 1229 1667 1271 filius
1699 1230 1788 1284 qui·

262 1283 359 1324 dem
391 1284 481 1336 ejus
512 1297 696 1336 persona
727 1298 817 1325 esse
848 1289 1001 1337 potest,
1043 1284 1117 1326 sed
1148 1286 1334 1326 essentia
1365 1285 1577 1338 quaedam
1610 1287 1674 1327 sui
1703 1300 1789 1328 non

260 1340 437 1380 conscia.
499 1338 545 1381 Si
575 1354 675 1381 vero
707 1339 818 1381 filius
851 1341 1017 1382 divinus
1050 1340 1221 1381 finitum
1252 1341 1390 1394 ipsum
1420 1343 1655 1395 cogitatur,
1696 1347 1787 1383 tuni

260 1396 419 1449 partim
445 1409 672 1449 personam
698 1400 882 1449 superat,
909 1397 1066 1450 partim
1083 1397 1135 1437 ab
1164 1411 1214 1437 ea
1239 1401 1489 1450 superatur3
1520 1399 1655 1440 multo
1679 1400 1788 1440 enim

260 1451 403 1504 plures
419 1466 487 1493 res
504 1452 787 1505 amplectitur,
820 1467 948 1506 quani
977 1453 1011 1493 si
1035 1467 1220 1506 persona
1245 1457 1368 1506 esset,
1402 1454 1473 1495 sed
1495 1455 1630 1497 multo
1658 1456 1790 1497 mino-

262 1522 308 1548 re
339 1508 427 1549 vita
459 1512 501 1549 et
531 1508 799 1562 plenitudine
831 1509 969 1550 utitur
1001 1508 1129 1562 quam
1160 1523 1357 1563 persona.

372 1564 476 1605 Jam
507 1579 719 1617 quaenam
740 1565 801 1605 vis
819 1563 993 1606 Christo
1025 1565 1227 1606 historico
1256 1567 1310 1606 sit
1328 1566 1592 1620 ascribenda,
1623 1568 1788 1621 quaeri-

261 1624 344 1661 tur.
390 1620 443 1660 In
476 1635 524 1661 eo
547 1621 731 1674 primum
760 1621 864 1662 deus
886 1635 982 1662 vere
1006 1622 1230 1676 apparuit,
1262 1636 1400 1675 neque
1424 1623 1535 1664 enim
1564 1625 1790 1677 quisquam

261 1680 361 1717 ante
407 1690 503 1717 eum
547 1676 761 1718 infinitum
802 1678 998 1719 similiter
1035 1678 1252 1719 revelavit.
1311 1678 1614 1720 Manifesta-tor
1658 1681 1792 1733 igitur

261 1732 420 1773 infiniti
451 1747 639 1774 summus
670 1734 871 1785 habetur,
904 1734 978 1775 sed
1015 1748 1170 1787 genere
1210 1734 1264 1776 ab
1297 1735 1392 1776 aliis
1424 1735 1577 1776 divinis
1608 1737 1791 1778 testibus

263 1792 305 1830 et
326 1789 497 1830 vatibus
524 1804 608 1830 non
629 1788 784 1830 differt.
831 1787 890 1832 Os
915 1805 1062 1832 verum
1089 1790 1174 1832 Dei
1198 1789 1291 1843 fuit,
1323 1805 1460 1844 neque
1489 1806 1588 1833 vero
1617 1793 1792 1834 verbum

261 1845 387 1886 homo
433 1844 611 1886 factum:
667 1845 779 1887 Sane
824 1847 961 1900 major
1007 1845 1192 1899 Christo,
1240 1862 1368 1900 quam
1413 1848 1604 1901 theologi
1641 1849 1791 1901 solent,

263 1901 499 1942 auctoritas
533 1902 763 1943 tribuenda
805 1906 885 1953 est3
926 1902 1001 1944 sed
1040 1903 1147 1944 haec
1184 1903 1277 1958 ipsa
1308 1904 1352 1944 in
1391 1903 1509 1944 aliud
1541 1904 1791 1958 subjectum,

261 1971 412 2012 nempe
452 1958 496 1997 in
534 1963 758 2000 aeternum
799 1958 867 1999 dei
911 1958 1046 1999 filium
1090 1958 1361 2001 transfertur.
1435 1959 1481 2001 Si
1520 1961 1790 2014 quaesiveris,

265 2027 339 2054 cur
370 2013 414 2054 id
444 2013 606 2055 factum
639 2015 704 2066 sit,
744 2013 1030 2068 Schellingius
1061 2015 1140 2056 tibi
1169 2015 1466 2070 respondebit:
1499 2017 1599 2070 quia
1631 2016 1794 2059 Christi

262 2069 454 2110 historici
493 2084 677 2124 persona
723 2071 850 2125 plane
890 2085 967 2126 per
999 2085 1043 2112 se
1088 2075 1153 2112 est
1197 2072 1420 2126 perspicua
1453 2087 1591 2126 neque
1621 2073 1711 2115 ulla
1742 2087 1793 2114 ex

263 2130 387 2180 parte
417 2140 572 2167 novum
604 2127 707 2180 quid
739 2127 899 2168 attulit.
962 2126 1051 2168 Sed
1083 2142 1212 2181 quum
1244 2142 1320 2182 per
1351 2143 1446 2169 euni
1478 2143 1624 2170 verum
1653 2129 1792 2170 infini-

266 2186 357 2222 tum
389 2182 431 2222 in
464 2182 652 2223 finitum·
673 2183 933 2224 translatum
965 2184 1041 2235 sit,
1080 2198 1221 2225 nonne.
1260 2185 1399 2238 majus
1431 2185 1535 2238 quid
1566 2186 1604 2226 ei
1635 2186 1792 2238 subest,

265 2252 394 2290 quain
427 2239 542 2291 quod
572 2254 593 2280 e
625 2243 818 2294 tempore
851 2243 1099 2293 antegresso
1125 2239 1329 2294 explicari
1353 2242 1507 2295 possit3
1539 2256 1670 2295 quum
1696 2241 1792 2284 finis

266 2295 321 2333 sit
352 2295 499 2335 mundi
531 2296 698 2348 antiqui
731 2299 774 2337 et
804 2296 973 2336 initium
1005 2297 1127 2348 regni
1157 2297 1345 2351 spiritus,
1377 2311 1516 2339 nonne
1547 2299 1639 2353 ipse
1669 2312 1793 2340 omne

264 2353 436 2403 tempus
475 2351 597 2403 quasi
628 2353 777 2393 unicus
809 2352 1004 2394 excedit?
1049 2354 1199 2406 Atque
1237 2367 1311 2394 0111·
1341 2352 1462 2395 Deus
1502 2355 1544 2395 in
1576 2368 1624 2396 eo
1655 2354 1793 2396 instar

265 2419 473 2459 personae
505 2407 732 2460 singularis
764 2408 888 2450 homo
919 2423 1003 2449 11011
1036 2412 1100 2450 est
1130 2408 1300 2450 factus?
1349 2408 1462 2462 Quia
1494 2410 1598 2452 deus
1626 2424 1793 2466 semper

267 2467 388 2502 extra
429 2465 598 2517 teinpus
635 2469 842 2505 versatur.
903 2463 989 2506 Sed
1027 2465 1061 2505 si
1102 2464 1221 2505 Deus
1260 2466 1415 2520 copula
1452 2470 1517 2508 est>
1555 2466 1714 2508 infiniti
1750 2470 1794 2509 et

268 2516 388 2567 finiti,
421 2519 453 2557 si
486 2519 528 2559 in
554 2519 673 2560 finito
697 2534 786 2560 sese
809 2521 983 2573 revelat,
1015 2535 1089 2562 0111·
1113 2521 1354 2562 excluditur
1381 2523 1434 2564 ab
1460 2523 1574 2564 omni
1600 2526 1793 2578 tempore

268 2577 310 2614 et
341 2574 480 2627 spatio
513 2589 607 2615 011111
640 2576 759 2616 finito
791 2581 908 2618 arcte
940 2576 1207 2631 conjunctis?
1252 2577 1573 2620 Aeternitatem
1597 2579 1720 2621 nobis
1749 2579 1792 2620 in

268 2634 460 2682 tempore
491 2630 743 2672 intuendam
775 2646 864 2673 esse
896 2633 1003 2673 alias
1035 2634 1223 2685 docetur,
1256 2634 1331 2675 sed
1361 2648 1436 2676 cur
1462 2639 1643 2687 vetatur,
1675 2649 1727 2677 ne
1749 2635 1792 2676 in

269 2698 451 2739 persona
483 2686 686 2728 historica
717 2691 936 2729 aeternum
970 2689 1037 2730 (101
1076 2690 1207 2730 filium
1246 2690 1532 2746 aspiciamus?
1577 2691 1630 2732 In
1662 2692 1793 2733 onini-

268 2741 348 2785 bus
379 2754 481 2785 sane
511 2743 640 2786 rebus
672 2743 798 2786 deum
835 2744 1108 2788 manifestum
1138 2746 1350 2801 videmus,
1389 2747 1462 2790 sed
1493 2761 1701 2805 personae
1731 2749 1792 2791 in-
