1949 3066
906 163 957 213 1'7

165 320 262 349 rum
284 305 458 348 illarum
485 305 653 347 efficere
687 305 864 347 studuit.
911 307 1020 348 Inde
1044 305 1207 348 factum
1233 309 1309 358 est,
1341 309 1389 347 ut
1413 305 1703 360 experientiae

167 363 355 405 conditio
385 376 472 404 non
502 362 841 415 relinqueretur,
883 378 1021 417 neque
1060 364 1150 417 ejus
1180 364 1339 405 veritas
1371 378 1446 416 per
1478 377 1541 405 se.
1574 364 1702 403 immo

166 423 338 462 tantum
361 418 419 461 ad
443 419 711 472 singulorum
739 433 891 461 causas
918 420 1142 461 moraliter
1164 420 1319 473 agendi
1346 420 1498 470 relata,
1526 420 1703 461 ascisce-

166 481 301 519 retur.
375 475 639 529 Dogmatica
663 476 798 517 'enim
850 477 1079 518 methodus
1127 480 1219 517 tum
1272 476 1568 530 philosophiae
1613 480 1704 516 tum

167 533 414 586 theologiae
444 534 488 573 in
520 546 568 574 eo
601 533 808 585 consistit,
842 533 957 586 quod
980 548 1041 584 ea,
1075 548 1185 587 quae
1211 533 1541 586 contemplando
1567 533 1704 573 solum

167 590 367 644 cognosci
409 592 608 643 possunt,
664 589 721 630 ad
766 590 1075 643 experimitiam
1123 590 1382 631 rationalem
1436 593 1704 631 revocantur.

169 645 352 688 Oantius
388 649 591 687 neutrum
628 645 836 687 radicitus
883 647 1040 698 evellit,
1088 647 1189 700 quia
1226 646 1332 687 nihil
1373 646 1546 688 habuit.
1589 645 1705 699 qnod

169 704 207 746 ei
247 703 543 745 substitueret.
621 702 824 756 Inprimis
864 704 1121 757 scripturam
1160 703 1382 745 moraliter
1426 703 1706 756 interpretari

168 761 275 802 nihil
321 765 385 802 est
422 760 505 801 nisi
542 760 702 801 abusus
739 773 878 813 neque
914 760 1013 801 inde
1049 774 1150 801 vera
1190 760 1449 801 christianae
1488 759 1705 813 religionis

169 821 329 859 natura
369 816 566 858 efficitur.
642 815 742 857 Non
787 817 994 858 moralem
1039 817 1171 869 igitur
1216 817 1330 857 illius
1374 820 1584 868 mentem,
1631 815 1706 857 sed

170 874 554 928 contemplativam
585 887 676 914 esse
715 873 1010 926 quaerendam
1043 872 1329 927 Schellingius
1368 873 1503 914 docet.
1565 872 1706 926 Quae-

169 946 271 973 nam
301 932 408 972 haec
439 930 504 980 sit,
532 931 625 984 jam
656 929 950 984 audiamusss)

286 987 341 1028 In
388 987 625 1029 christiana
671 986 879 1039 religione
922 987 1166 1027 universum
1211 987 1419 1028 historiae
1468 986 1534 1027 vel
1586 985 1708 1039 regni

171 1045 348 1086 moralis
378 1044 520 1086 locum
561 1044 729 1085 obtinet
771 1043 828 1097 (p.
864 1043 980 1093 170).
1051 1042 1195 1097 Quum
1241 1048 1371 1085 antea
1410 1043 1626 1084 infinitum
1665 1043 1708 1082 in

172 1101 295 1143 finito
343 1104 627 1155 quaereretur
677 1101 801 1154 eique
848 1100 1147 1154 subjiceretur.
1189 1101 1280 1153 jam
1326 1099 1495 1141 finitum
1540 1098 1708 1139 infinito

175 1162 417 1212 superatur.
479 1156 565 1199 Sed
605 1157 649 1198 id
688 1158 840 1211 ipsum,
881 1158 925 1197 in
957 1172 1041 1210 quo
1082 1157 1205 1198 ideae
1243 1157 1451 1210 ejusmodi
1491 1156 1710 1208 religionis

171 1215 363 1269 profecto
403 1218 632 1268 apparent,
670 1214 888 1255 infinitum
919 1228 1057 1267 neque
1088 1213 1187 1254 ullis
1226 1214 1420 1254 terminis
1453 1213 1710 1253 determina-

175 1277 268 1313 tum
293 1276 369 1314 est.
427 1270 543 1313 Sane
575 1271 666 1325 ejus
692 1271 852 1325 species
877 1285 961 1312 non
992 1274 1180 1320 manent,
1213 1270 1287 1311 sed
1312 1273 1538 1311 transeunt
1562 1268 1710 1323 (3171);

174 1332 371 1371 attamen
395 1329 544 1383 quovis
560 1328 767 1382 temporis
788 1331 1006 1369 momento
1030 1331 1148 1369 certa
1167 1326 1249 1368 Dei
1272 1341 1372 1380 pars
1394 1325 1710 1376 manifestatur,

174 1387 218 1427 in
251 1400 437 1440 quarum
467 1400 731 1440 unaquaque
762 1385 853 1438 ipse
885 1389 948 1426 est
980 1384 1205 1426 absolutus
1238 1384 1367 1434 (172).
1429 1382 1577 1423 Antea
1609 1381 1712 1422 divi-

175 1458 277 1484 num
303 1443 347 1484 in
374 1446 534 1484 natura
563 1456 654 1484 sese
680 1442 900 1494 revelavit,
919 1442 1011 1496 jam
1038 1442 1081 1481 in
1104 1440 1195 1482 sola
1222 1440 1403 1481 historia
1426 1443 1491 1480 est
1513 1442 1711 1492 apertum

173 1500 384 1542 velamine
426 1499 500 1541 illo
543 1500 712 1553 abjecto
745 1498 879 1553 (173).
940 1498 1088 1539 Antea
1129 1496 1345 1537 infinitum
1384 1497 1428 1536 in
1467 1495 1588 1536 finito
1621 1509 1711 1536 esse

175 1557 452 1608 credebatur3
483 1570 642 1597 novum
674 1556 779 1610 quid
808 1555 907 1597 inde
940 1555 1076 1596 solum
1108 1553 1218 1595 effici
1248 1553 1400 1607 pot-uit⁷
1433 1553 1548 1606 quod
1566 1565 1712 1593 verum

175 1613 393 1654 infinitum
418 1614 536 1655 venit
558 1613 603 1654 in
626 1613 809 1664 finitum,
832 1627 918 1654 non
946 1616 994 1653 ut
1018 1612 1061 1652 id
1085 1611 1274 1651 divinum
1296 1609 1562 1661 redderetur,
1585 1609 1713 1649 immo

176 1675 224 1711 ut
250 1670 345 1712 Deo
379 1669 697 1712 sacrificaretur
728 1673 771 1711 et
802 1670 901 1710 inde
942 1669 1199 1722 placaretur.
1260 1666 1407 1707 Prima
1440 1666 1574 1719 igitur
1606 1665 1714 1706 chri-

175 1728 344 1769 stianae
389 1727 610 1781 religionis
656 1727 755 1768 idea
808 1740 979 1768 necesse
1025 1728 1091 1767 est
1136 1723 1452 1776 theanthropus
1498 1723 1574 1773 sit,
1617 1722 1642 1762 i.
1681 1735 1714 1762 e.

177 1783 378 1826 Christus
415 1788 629 1838 tanquam
671 1784 768 1825 finis
807 1783 986 1825 deorum
1017 1785 1220 1823 veterum.
1281 1779 1397 1833 Quin
1449 1779 1579 1820 etiam
1624 1778 1716 1831 ipse

176 1841 368 1882 divinum
400 1840 570 1882 finitum
602 1840 760 1892 effecit,
792 1840 943 1881 humili
974 1839 1164 1880 humana
1196 1840 1353 1878 natura
1376 1835 1553 1876 indutus
1584 1838 1717 1888 atque
1759 1876 1772 1886 ⁴

179 1898 235 1940 ab
268 1898 390 1939 initio
424 1898 597 1952 quidem
630 1898 842 1947 decretus,
875 1896 949 1938 sed
980 1900 1172 1949 tempore
1205 1893 1402 1935 caducus.
1454 1892 1598 1945 Quum
1629 1892 1718 1945 ipse

177 1955 220 1995 in
262 1955 494 1997 invisibilia
542 1955 748 2007 discedat,
794 1954 958 1995 vicibus
1004 1952 1094 2006 ejus
1132 1951 1306 2005 spiritus
1352 1949 1557 2002 fungitur,
1604 1947 1719 1989 unde

178 2011 352 2053 finitum
396 2012 455 2054 ad
498 2011 715 2053 infinitum
772 2011 1007 2052 reducatur
1053 2008 1157 2060 (180
1202 2008 1262 2060 s).
1329 2005 1473 2047 Cardo
1519 2006 1720 2045 nimirum

176 2068 397 2122 religionis
442 2068 704 2111 christianae
749 2069 791 2109 in
839 2066 1049 2108 trinitatis
1097 2065 1193 2105 idea
1239 2063 1434 2120 vertitur.
1495 2061 1618 2115 Quae
1664 2061 1721 2102 ad

177 2126 406 2168 historiam
452 2125 602 2166 mundi
646 2129 849 2167 revocata
896 2122 1130 2176 significat,
1176 2124 1400 2161 aeternum
1443 2132 1494 2158 ex
1535 2118 1719 2159 essentia

178 2183 316 2236 patris
349 2182 540 2223 omnium
578 2196 725 2223 rerum
765 2181 959 2235 genitum
991 2179 1126 2219 filium
1160 2177 1349 2217 divinum
1380 2174 1549 2215 finitum
1580 2175 1721 2228 ipsum

182 2253 284 2291 esse,
319 2239 448 2293 quale
479 2240 524 2280 in
555 2239 920 2292 contemplatione
953 2236 1097 2277 divina
1129 2234 1286 2275 subest.
1334 2232 1389 2273 Id
1419 2231 1590 2272 finitum
1622 2245 1720 2285 vero

179 2299 392 2349 tanquam
423 2297 528 2338 deus
550 2297 721 2350 patiens
740 2294 945 2348 temporis
968 2291 1272 2345 iniquitatibus
1291 2289 1511 2341 subjectus
1528 2292 1722 2342 apparet.

184 2352 271 2406 Qui
313 2353 418 2395 deus
460 2354 505 2394 in
542 2353 725 2395 culmine
763 2352 975 2393 adventus
1013 2349 1088 2399 sui.
1127 2348 1152 2387 i.
1185 2361 1218 2387 e.
1250 2347 1294 2386 in
1326 2343 1500 2385 Christo
1541 2358 1720 2397 regnum

180 2409 292 2451 finiti
314 2410 501 2463 abrogat
532 2414 575 2452 et
605 2409 763 2450 infiniti
787 2408 854 2449 vel
885 2407 1060 2460 spiritus
1090 2403 1318 2457 imperium
1346 2402 1389 2442 in
1415 2406 1616 2454 augurat.
1676 2399 1722 2441 Si

180 2467 314 2520 igitur
360 2467 611 2509 historicam
658 2465 920 2508 christianae
964 2461 1184 2514 religionis
1237 2463 1427 2500 mentem
1472 2458 1723 2511 respexeris,

179 2524 366 2580 eandem
396 2524 686 2565 necessariam
727 2526 770 2564 et
811 2520 1056 2562 absolutam
1098 2516 1493 2559 manifestationem
1536 2515 1724 2555 divinam

182 2580 409 2634 intelliges.
459 2579 548 2623 Sed
578 2580 764 2621 maxime
797 2576 1030 2619 dolendum
1062 2578 1136 2625 est,
1171 2573 1286 2627 quod
1318 2572 1511 2625 theologi
1543 2571 1724 2613 eandem

274 2765 306 2808 *)
334 2764 366 2800 9.
392 2774 426 2799 u.
453 2763 509 2799 10.
557 2760 771 2806 Vorlesung
796 2759 887 2795 tiber
914 2757 973 2793 die
998 2755 1170 2793 Methode
1198 2753 1263 2792 des
1289 2752 1391 2791 acad.
1417 2751 1619 2787 Studiums.

1434 2812 1443 2832 )
