1949 3066
965 132 1021 184 16

219 273 537 315 existimaretur
568 274 612 315 id
643 279 895 317 consecutus
927 291 1037 330 esse,
1077 277 1192 331 quod
1221 277 1416 319 omnibus
1439 277 1495 318 sit
1519 270 1753 331 impeti-an}

217 330 349 371 dum?
381 329 620 372 Oantianus
645 332 820 384 quidam
839 334 1131 387 responderet,
1153 334 1260 375 alios
1286 335 1330 375 in
1350 348 1445 375 eum
1461 334 1749 383 transtulisse,

218 387 333 440 quod
363 388 534 440 proprie
565 388 687 430 ideae
717 389 854 430 instar
884 391 1075 443 ipsorum
1107 391 1258 431 animis
1291 394 1403 432 esset
1427 390 1615 431 infixum.
1663 389 1751 431 Sed

216 446 308 483 tum
338 443 466 484 iidem
497 458 593 485 eum
622 445 748 498 longe
780 451 1069 499 superassent.
1131 445 1207 488 Sin
1237 448 1328 500 ipse
1361 447 1411 488 de
1443 461 1487 488 se
1518 448 1751 500 cogitasset

216 503 346 553 atque
364 501 616 552 nuntiasset,
636 516 745 554 quae
766 501 818 542 de
834 504 924 557 ipso
944 517 1029 544 non
1049 503 1250 556 valerent,
1272 508 1364 545 tum
1381 507 1456 545 aut
1473 505 1751 557 superbiisset

216 560 292 596 aut
324 561 519 598 errasset.
580 557 754 610 Restat,
785 564 834 600 ut
864 560 996 613 ipsius
1026 574 1146 601 mens
1178 564 1220 601 et
1250 561 1338 602 vita
1370 560 1578 614 ejusmodi
1608 560 1748 613 fuerit,

215 616 264 653 ut
297 628 382 654 11011
413 614 549 654 30111111
579 614 679 668 ipse,
713 615 787 656 sed
806 617 936 657 etiam
958 617 998 668 ii,
1023 617 1096 670 qui
1120 632 1216 658 cum
1241 632 1289 659 eo
1318 620 1468 671 essent,
1499 631 1751 671 persuasum

217 669 376 710 habere
408 674 593 723 possent,
631 671 674 711 in
704 671 795 725 ipso
827 674 966 726 majus
998 678 1040 714 et
1071 673 1201 714 alt-ius
1225 673 1328 727 quid
1358 673 1589 726 habitasse,
1621 688 1751 727 quam

216 726 331 779 quod
376 727 420 767 in
467 728 662 769 omnibus
713 728 808 770 aliis
852 730 989 771 inesse
1033 734 1191 783 posset,
1252 729 1480 784 Quomodo
1517 730 1562 770 id
1611 731 1750 784 ipsum

216 783 273 823 sit
314 783 628 837 accipiendum,
672 784 916 839 theologiae
955 790 1019 827 est
1059 787 1265 839 probare,
1301 787 1599 840 philosophiae
1638 787 1751 828 enim

215 838 385 881 videtur
430 855 521 882 esse
565 842 840 885 inaccessum.
899 842 1157 885 Brevissime
1190 842 1370 885 Cautius
1407 858 1527 884 suam
1569 842 1620 884 de
1660 843 1748 884 filio

216 895 358 937 divino
379 897 619 939 doctrinam
642 899 836 952 protulit,
862 914 993 954 quum
1009 900 1070 940 ait
1081 899 1141 953 Ὃς
1173 899 1270 941 Nisi
1290 899 1553 954 θεάνῦρωπος
1570 903 1748 941 aeterna

215 952 283 993 dei
313 953 596 996 humanitatis
633 956 854 997 moraliter
892 956 1108 1010 perfectae
1148 956 1245 998 idea
1277 957 1481 1009 sumitur,
1521 956 1649 998 immo
1689 956 1748 997 di-

212 1010 436 1051 vinitatem
467 1012 510 1051 in
542 1012 711 1053 homine
742 1027 840 1054 vero
873 1013 1061 1067 corporis
1092 1013 1229 1054 instar
1267 1013 1488 1055 habitasse
1520 1013 1747 1066 cogitatur,

214 1066 269 1106 ad
309 1081 431 1107 usum
463 1068 575 1110 vitae
605 1069 705 1110 inde
736 1070 841 1110 nihil
874 1070 1149 1112 emolumenti
1180 1069 1367 1124 profluit,
1400 1085 1531 1124 quum
1554 1069 1647 1111 fieri
1678 1084 1748 1111 ne-

215 1127 356 1176 queat,
383 1128 431 1164 ut
454 1124 580 1165 deum
611 1126 892 1179 aemulemur,
938 1140 1076 1180 neque
1114 1127 1414 1180 intelligimus,
1461 1141 1536 1168 cur
1566 1141 1674 1180 non,
1713 1127 1749 1168 si

215 1180 346 1222 semel
377 1181 480 1222 deus
513 1196 608 1223 cum
638 1182 880 1224 hominibus
912 1183 1114 1237 conjungi
1136 1184 1283 1237 possit,
1315 1199 1410 1225 cum
1434 1184 1629 1225 omnibus
1657 1197 1748 1224 sese

214 1237 532 1290 consociaverit,
565 1242 612 1279 ut
636 1254 780 1281 01111103
813 1241 849 1281 01
879 1240 1110 1294 placerent.
1173 1240 1372 1282 Indidem
1402 1243 1591 1294 apparet,
1638 1238 1748 1281 Can-

213 1294 321 1334 tium
360 1294 584 1336 historiam
629 1300 671 1336 et
710 1295 838 1337 finem
878 1297 1055 1338 humani
1105 1297 1272 1349 generis
1315 1297 1442 1351 plane
1490 1297 1748 1350 neglexisse3

213 1350 404 1404 alioquin
435 1352 715 1393 arbitrarium
748 1353 851 1406 quid
882 1353 977 1394 Deo
1009 1353 1200 1395 tribuere
1232 1358 1459 1395 cunctatus
1491 1357 1614 1394 esset.

327 1406 508 1450 Cantius
539 1409 673 1462 igitur
705 1424 836 1462 quum
862 1410 1004 1450 ideam
1029 1410 1205 1451 moralis
1233 1410 1507 1464 perfectionis
1531 1410 1748 1451 humanae

213 1464 348 1505 filium
381 1465 569 1506 divinum
592 1466 846 1519 appellaret,
882 1464 1103 1507 Christum
1129 1470 1341 1520 tanquam
1366 1467 1580 1508 hominem
1606 1467 1747 1519 singu-

214 1522 368 1574 larem,
415 1523 608 1575 quamvis
647 1537 743 1564 eum
782 1523 1006 1565 moraliter
1042 1523 1278 1577 perfectum
1314 1523 1443 1565 fuisse
1484 1524 1749 1575 concederet,

214 1583 360 1620 tamen
391 1583 810 1632 repraesentatorem
842 1580 979 1621 30111111
1009 1580 1125 1621 1111113
1162 1580 1284 1622 ideae
1317 1595 1407 1622 esse
1437 1581 1625 1633 negavit,
1663 1593 1750 1621 non

216 1635 330 1689 quod
375 1636 463 1677 vita
509 1636 598 1689 ejus
644 1636 948 1689 perfectionem
994 1637 1203 1678 moralem
1248 1651 1333 1678 non
1375 1640 1626 1691 aequasset,
1673 1635 1749 1677 sed

217 1692 331 1746 quod
363 1692 460 1733 idea
491 1692 567 1734 illa
599 1693 653 1734 ab
687 1694 882 1735 omnibus
908 1698 971 1735 est
997 1694 1280 1747 assequenda,
1313 1708 1414 1747 ergo
1440 1695 1483 1735 in
1506 1708 1590 1735 uno
1614 1693 1748 1735 subsi-

218 1753 331 1790 stere
362 1750 523 1802 nequit.
1521 1769 1523 1773 ·

333 1804 379 1847 Si
409 1806 664 1859 memineris,
701 1806 757 1848 ab
790 1804 946 1848 Cant-io
985 1821 1130 1849 omnes
1168 1806 1269 1849 fidei
1306 1807 1567 1849 christianae
1607 1820 1675 1848 res
1705 1805 1749 1846 in

218 1862 337 1903 ideas
368 1863 553 1904 morales
585 1877 675 1904 esse
711 1867 905 1905 mutatas
943 1863 1128 1918 indeque
1167 1864 1257 1918 ejus
1297 1864 1539 1905 doctrinam
1579 1863 1630 1904 de
1661 1861 1749 1904 filio

221 1919 361 1961 divino
380 1934 469 1961 esse
498 1924 702 1972 exortam,
722 1921 870 1961 statim
895 1935 970 1962 cur
991 1919 1277 1973 Schellingius
1289 1920 1351 1973 aa)
1375 1919 1522 1962 Cantii
1542 1920 1750 1973 interpre-

218 1976 341 2017 tandi
371 1977 583 2018 rationem
613 1977 820 2031 rejecerit,
851 1977 1095 2030 perspicies.
1154 1977 1293 2018 Nemo
1325 1978 1450 2029 enim,
1480 1977 1632 2030 inquit,
1664 1977 1750 2017 vim

220 2033 599 2087 contemplativam
638 2034 1111 2087 praestantissimarum
1157 2034 1402 2087 theologiae
1441 2034 1750 2075 sententiarum

217 2104 313 2131 cum
351 2088 567 2132 Cantiana
612 2090 971 2144 interpretatione
1011 2090 1320 2143 commiscebit,
1360 2091 1517 2144 quippe
1559 2103 1669 2144 quae
1705 2089 1750 2130 id

218 2146 487 2199 potissimum
511 2147 602 2200 agit
640 2150 689 2187 ut
714 2162 781 2188 res
804 2147 1031 2188 historicas
1055 2161 1076 2187 e
1100 2147 1306 2200 religione
1324 2147 1559 2189 christiana
1575 2160 1749 2201 prorsus

217 2203 361 2255 ejiciat
391 2208 523 2257 atque
554 2179 804 2257 reiigionem
840 2203 1099 2245 rationalem
1129 2204 1228 2246 inde
1260 2204 1415 2246 eliciat.
1474 2204 1615 2245 Immo
1646 2217 1747 2245 vera

215 2260 440 2302 rationalis
471 2260 621 2314 religio
662 2261 705 2301 in
746 2275 794 2302 eo
837 2264 1077 2314 spectatur,
1122 2261 1237 2314 quod
1279 2261 1491 2314 duplicem
1533 2260 1747 2302 duntaxat

216 2316 433 2370 religionis
455 2318 637 2359 formam
665 2331 755 2359 esse
779 2318 1061 2371 cognoscitur,
1093 2332 1244 2371 nempe
1271 2332 1416 2359 veram
1441 2321 1625 2360 naturae
1651 2316 1746 2358 reli-

217 2373 397 2424 gionem,
418 2388 528 2427 quae
544 2374 702 2416 multos
721 2374 822 2416 deos
839 2388 929 2415 esse
955 2378 1123 2416 statrat
1141 2378 1182 2416 et
1199 2375 1449 2428 religionem
1465 2374 1592 2428 plane
1608 2388 1748 2415 mora-

216 2429 311 2481 lem,
344 2445 453 2483 quae
486 2431 612 2472 deum
643 2432 687 2471 in
718 2431 898 2473 historia
917 2435 1100 2484 quaerat
1119 2430 1174 2473 ⁴et
1204 2431 1529 2485 contempletur.
1567 2429 1747 2472 Cautius

215 2486 405 2538 profecto
437 2502 521 2529 11011
553 2488 946 2542 contemplativam,
979 2488 1053 2530 sed
1077 2488 1285 2530 moralem
1317 2492 1502 2530 mentem
1536 2487 1748 2529 doctrina-

308 2679 344 2721 *)
370 2678 482 2714 Streit
507 2680 572 2715 der
597 2680 813 2716 Facultaten
838 2681 936 2725 1798,
964 2691 997 2724 p.
1022 2680 1067 2716 50
1091 2691 1119 2716 3.

286 2725 339 2765 *ἢ
368 2725 626 2770 Vorlcsungen
640 2726 731 2762 iiber
744 2727 804 2762 die
817 2727 988 2762 Methode
1015 2727 1079 2762 des
1094 2725 1253 2763 academ.
1281 2726 1470 2763 Studiums
1484 2726 1573 2762 1803
1589 2736 1626 2771 p.
1643 2725 1708 2761 196
1720 2734 1749 2761 s.
