1949 3066
943 160 999 204 22

203 294 386 336 maxime
408 293 451 334 in
475 292 648 336 Christo
670 293 703 336 J
706 309 780 337 esu
801 296 1104 349 manifestavit,
1134 295 1262 350 longe
1287 296 1413 340 aliter
1432 296 1575 350 sensit,
1602 296 1733 339 nemi-

203 366 299 392 116111
331 351 443 392 6111111
474 351 638 404 absque
670 351 751 393 hac
781 353 837 394 ad
869 358 1033 395 statum
1057 353 1341 395 beatitudinis
1363 355 1584 409 pervenire
1607 369 1732 409 posse

203 408 383 459 censuit,
440 411 592 461 utpote
639 422 748 461 quae
786 410 877 450 sola
923 410 1092 461 doceat,
1139 410 1243 462 quid
1292 425 1438 452 verum
1485 415 1527 452 et
1563 411 1732 462 falsum,

202 464 361 505 bonum
393 467 435 505 et
466 464 627 504 malum
666 464 732 505 sit.
791 465 853 506 Et
899 466 1021 520 quia,
1066 467 1225 519 inquit,
1273 467 1378 509 haec
1415 468 1627 521 sapientia
1657 482 1733 521 per

203 520 236 561 J
238 535 357 562 esum
375 518 598 561 Christum
627 521 811 563 maxime
834 522 1109 563 manifestata
1133 522 1226 572 fuit,
1258 523 1353 564 ideo
1376 524 1509 577 ipsius
1537 524 1734 577 discipuli

201 576 393 627 eandem,
426 580 641 629 quatenus
672 577 726 618 ab
763 578 855 631 ipso
886 579 988 632 ipsis
1019 579 1101 620 fuit
1131 579 1337 631 revelata,
1377 580 1733 633 praedicaverunt

203 646 378 686 seseque
431 633 584 686 spiritu
636 633 709 674 illo
756 632 919 676 Christi
975 650 1105 689 supra
1162 635 1348 688 reliquos
1396 636 1572 689 gloriari
1610 651 1733 689 posse

202 689 495 730 ostenderunt.
556 687 790 731 Caeterum
830 692 946 744 quod
981 692 1193 746 quaedam
1225 692 1428 733 ecclesiae
1458 693 1524 733 his
1555 693 1732 744 addunt,

202 745 317 798 quod
356 745 458 786 deus
489 750 692 786 naturam
730 746 964 789 humanam
1002 749 1302 801 assumpserit,
1349 750 1495 790 monui
1536 763 1734 802 expresse

201 816 278 852 me,
312 802 414 855 quid
448 802 604 853 dicant,
644 803 829 854 nescire3
867 805 995 846 immo
1027 808 1075 845 ut
1105 818 1251 845 verum
1281 805 1430 857 fatear,
1468 820 1554 846 11011
1593 805 1733 846 minus

145 894 149 896 .
201 858 387 899 absurde
418 858 520 898 mihi
550 858 669 911 loqui
699 859 909 911 videntur,
942 875 1070 914 quam
1103 861 1137 901 si
1162 861 1256 913 quis
1283 862 1387 902 1111111
1415 862 1586 913 diceret,
1620 862 1734 915 quod

201 915 384 956 circulus
415 918 615 955 naturam
648 916 852 969 quadrati
881 918 1069 958 induerit
1112 917 1181 971 (cf.
1214 918 1335 971 epist.
1367 918 1528 970 XXI).
1590 918 1734 972 Quum

199 971 334 1023 igitur
366 970 552 1024 Spinosa
594 970 729 1012 filium
769 973 958 1014 divinum
989 978 1211 1015 aeternam
1252 974 1319 1015 dei
1359 975 1614 1028 sapientiam
1643 989 1735 1016 esse

200 1031 431 1078 statueret,
465 1026 753 1081 Schellingius
796 1029 965 1071 finitum
1007 1031 1146 1084 ipsum
1177 1044 1253 1083 pro
1285 1031 1357 1071 illo
1390 1031 1559 1082 habuit3
1602 1046 1734 1084 quum

200 1084 271 1124 ille
315 1085 563 1125 continuam
610 1085 678 1125 dei
718 1086 1021 1127 revelationem
1069 1091 1271 1137 sumeret,
1320 1087 1365 1127 isv
1395 1102 1565 1141 quoque
1601 1089 1734 1129 mani-

199 1139 474 1182 festationem
513 1140 722 1194 ejusmodi
761 1142 926 1193 docuit3
975 1158 1107 1196 quum
1147 1143 1218 1184 ille
1256 1141 1479 1185 Christum
1521 1159 1733 1185 summum

202 1196 371 1238 divinae
414 1197 652 1250 sapientiae
681 1202 823 1239 vatem
862 1200 1076 1250 innueret,
1117 1200 1152 1240 is
1193 1214 1362 1253 quoque
1395 1215 1489 1241 eum
1522 1214 1732 1242 summum

201 1252 269 1293 dei
300 1252 670 1294 manifestatorem
697 1268 787 1296 esse
810 1256 977 1296 statuit.
1023 1256 1257 1297 Praeterea
1283 1255 1536 1310 Schellingii
1562 1261 1732 1309 natura,

201 1324 330 1362 quam
362 1310 488 1350 deum
519 1310 787 1362 potissimum
819 1326 909 1353 esse
941 1312 1191 1363 contendat,
1225 1311 1453 1365 Spinosam
1484 1313 1663 1354 redolet.

314 1366 508 1406 Finitum
546 1366 686 1419 ipsum
728 1381 749 1407 e
785 1367 880 1409 Deo
923 1373 1119 1409 exortum
1158 1369 1392 1409 secundum
1424 1368 1732 1423 Schellingium

200 1426 400 1463 aeternus
433 1422 517 1463 Dei
548 1426 613 1463 est
644 1422 755 1463 filius
787 1428 918 1477 atque
936 1423 1135 1465 Christus
1161 1425 1389 1466 historicus
1419 1426 1525 1466 nihil
1557 1430 1622 1468 est
1652 1426 1732 1467 nisi

198 1493 387 1519 summus
418 1479 507 1520 veri
536 1478 694 1520 infiniti
724 1484 854 1523 vates
914 1480 1084 1533 Restat,
1115 1485 1163 1522 ut
1193 1481 1265 1523 ille
1296 1481 1409 1523 filius
1441 1483 1607 1523 divinus
1637 1497 1732 1536 pro-

196 1535 307 1576 fecto
341 1535 525 1576 existens
563 1536 605 1576 in
652 1537 841 1578 animum
877 1537 1113 1578 humanum
1153 1539 1334 1579 unitatis
1371 1553 1472 1580 suae
1513 1553 1608 1580 cum
1652 1539 1730 1581 deo

197 1592 277 1632 sibi
311 1592 526 1633 conscium
563 1592 864 1634 transferatur.
927 1594 1038 1635 Tum
1070 1592 1269 1635 Christus
1309 1595 1537 1637 historicus
1569 1596 1731 1649 primus

196 1653 260 1688 est
283 1648 517 1700 habendus,
542 1649 615 1702 qui
639 1649 808 1691 divinae
831 1664 975 1691 secum
999 1651 1179 1692 unitatis
1202 1650 1331 1692 fuerit
1350 1653 1554 1693 conscius.
1594 1652 1730 1705 Apud

196 1703 400 1745 Cantium
446 1704 557 1745 filius
599 1705 667 1746 dei
706 1706 801 1747 idea
845 1707 1059 1749 humanae
1097 1707 1372 1760 perfectionis
1416 1709 1591 1750 moralis
1635 1708 1730 1760 fuit,

196 1761 311 1814 apud
328 1760 636 1815 Schellingium
661 1762 831 1803 finitum
854 1764 992 1816 ipsum
1019 1764 1085 1804 vel
1107 1765 1310 1805 continua
1334 1764 1475 1806 divina
1499 1765 1726 1818 apparitio.

196 1817 298 1858 Jam
330 1818 528 1859 Fichtius
559 1832 655 1863 eum
688 1819 874 1861 divinam
905 1821 949 1860 in
980 1820 1169 1861 humana
1200 1826 1342 1862 mente
1368 1826 1615 1874 perceptam
1641 1822 1725 1862 exi-

195 1874 397 1914 stentiam
429 1888 518 1915 6556
549 1875 713 1916 statuit.
761 1875 848 1918 Sed
878 1877 1010 1930 ipsius
1041 1877 1349 1931 sententiam*)
1383 1877 1684 1919 describamus.

308 1928 585 1972 Creationem
616 1946 780 1973 sumere
812 1947 1002 1973 summus
1034 1938 1099 1974 est
1124 1947 1254 1974 error.
1300 1933 1561 1977 Absolutam
1584 1935 1723 1982 unita-

194 1991 283 2027 tem
307 1991 348 2028 et
374 1987 771 2030 immutabilitatem
794 1990 1002 2030 essentiae
1027 1989 1194 2030 divinae
1219 2004 1450 2042 agnoscere
1477 1991 1624 2042 coacti,
1651 1991 1725 2031 sed

194 2043 440 2084 libertatem
471 2049 513 2085 et
544 2058 688 2085 veram
709 2059 852 2086 rerum
870 2045 1091 2086 finitarum
1119 2047 1392 2087 existentiam
1416 2061 1575 2100 negare
1603 2047 1725 2088 inviti

195 2100 371 2140 easdem
402 2100 632 2142 arbitrarie
665 2116 715 2142 ex
745 2101 820 2142 illa
850 2101 1022 2155 prodire
1053 2106 1311 2143 statuerunt.
1372 2102 1500 2144 Unde
1533 2109 1575 2145 et
1605 2104 1722 2144 notio

194 2157 403 2197 essentiae
436 2156 763 2211 divinae-periit
793 2162 836 2199 et
865 2158 977 2199 ratio
1008 2172 1182 2211 prorsus
1213 2173 1413 2212 perversa
1437 2164 1479 2202 et
1506 2160 1724 2213 cogitandi

194 2216 351 2254 natura
383 2213 526 2254 deleta
565 2218 648 2265 est3
686 2228 824 2268 neque
857 2214 967 2255 enim
1006 2216 1165 2256 creatio
1197 2216 1377 2268 cogitari
1407 2221 1551 2269 potest
1585 2230 1723 2270 neque

195 2269 421 2322 quisquam
452 2269 644 2322 profecto
677 2285 770 2312 eam
801 2285 990 2324 unquam
1023 2272 1237 2323 cogitavit.
1287 2270 1560 2314 Creationem
1592 2273 1723 2326 igitur

194 2339 351 2378 negare
379 2340 541 2366 summa
568 2331 632 2367 est
658 2327 827 2368 veritas.
874 2325 982 2368 Cum
1000 2327 1232 2369 christiana
1251 2328 1400 2382 religio
1418 2333 1510 2370 tum
1527 2329 1559 2371 J
1563 2343 1724 2370 oannes

194 2382 456 2434 evangelista
504 2396 598 2423 eam
646 2384 897 2437 abjecerunt
948 2388 1157 2438 tanquam
1202 2384 1473 2426 Judaeorum
1521 2400 1722 2427 errorem.

194 2437 389 2479 ‚joannes
420 2439 596 2491 perinde
627 2440 799 2481 asserit:
831 2440 964 2481 Initio
996 2441 1020 2480 i.
1053 2455 1087 2481 e.
1119 2444 1219 2482 ante
1251 2455 1375 2483 omne
1406 2448 1575 2496 tempus
1601 2441 1722 2484 Deus

192 2508 277 2534 11011
309 2495 479 2546 creavit,
511 2496 586 2537 sed
618 2495 736 2549 λόγος
769 2501 864 2538 erat
896 2501 937 2537 et
968 2497 1066 2537 inde
1099 2497 1270 2538 demum
1296 2499 1438 2539 omnia
1472 2502 1571 2539 sunt
1594 2498 1721 2539 facta.

194 2550 311 2601 λόγος
357 2552 526 2604 proprie
565 2553 779 2594 rationem
822 2553 888 2594 vel
934 2553 1190 2606 sapientiam
1235 2554 1434 2605 denotat3
1479 2555 1553 2596 sed
1597 2555 1720 2596 verbi

193 2605 458 2658 significatus
488 2607 656 2650 videtur
691 2609 997 2663 praeferendus
1029 2624 1131 2652 esse.
1191 2610 1408 2663 Quidnam
1440 2611 1615 2653 verbum
1646 2612 1718 2664 sit,

283 2730 317 2774 *)
345 2730 575 2776 Anweisung
600 2742 679 2766 zum
704 2732 845 2776 seligen
871 2733 1007 2780 Leben,
1033 2734 1130 2768 1806.
1157 2734 1187 2768 6.
1214 2734 1436 2779 Vorlesung.
