1949 3066
898 185 921 230 5

154 323 390 368 existimari
424 326 583 379 potest.
643 322 730 367 Sed
771 328 861 365 tum
904 326 1023 367 illum
1065 325 1207 367 divina.
1248 328 1388 368 mente
1435 324 1677 380 praeditum

153 383 378 435 hominem,
409 382 532 423 nobis
554 381 819 423 imitandum.
845 384 1037 435 quamvis
1064 387 1236 437 propter
1260 398 1380 424 suam
1403 383 1676 424 sanctitatem

153 439 260 481 nulli
298 439 435 480 dolori
474 439 529 479 sit
569 439 788 488 obnoxius,
825 443 969 481 tamen
1010 440 1064 480 ad
1103 440 1249 481 mundi
1291 440 1472 481 salutem
1515 454 1678 493 promo-

153 496 334 538 vendam
359 509 544 536 summos
566 495 741 540 dolores
762 496 903 537 subire
921 497 1118 548 cogitari.
1143 497 1334 538 homines
1356 510 1453 537 vero
1477 496 1677 549 singulos,

153 567 386 606 numquam
418 552 568 605 culpae
600 555 812 605 expertes.
846 555 1037 606 quamvis
1075 553 1252 595 eandem
1295 557 1479 594 mentem
1520 566 1679 593 assum-

154 610 302 652 serint.
344 610 513 651 labores
545 623 689 649 01111168
719 624 771 650 ex
808 610 990 662 ipsorum
1031 611 1150 664 culpa
1187 614 1355 652 exortos
1393 623 1482 649 esse
1514 613 1679 662 putare,

155 681 256 720 ergo
286 666 486 719 indignos
519 679 608 706 8686
640 665 815 708 habere.
855 681 1034 720 querum
1069 682 1162 708 cum
1190 668 1329 707 animo
1354 665 1561 718 ejusmodi
1583 665 1679 706 idea

154 724 454 778 conjungatur,
486 725 667 776 oportet.
728 722 828 763 Jam
856 724 1006 765 'ideam
1039 724 1321 764 humanitatis
1353 723 1446 764 Deo
1478 726 1678 776 acceptae

154 781 282 823 aliter
322 780 511 833 cogitare
554 794 639 819 non
676 793 900 832 possumus
942 796 1069 834 quam
1113 781 1188 821 81111
1228 781 1322 821 idea
1363 780 1560 831 hominis,
1609 779 1681 832 qui

155 852 241 879 non
273 837 410 878 solum
441 836 638 877 omnibus
669 836 815 877 officiis
846 837 1041 878 humanis
1074 838 1231 891 optime
1263 838 1383 889 iungi
1415 840 1457 878 et
1486 836 1680 877 doctrina

156 898 199 936 et
221 894 413 947 exemplo
437 893 598 934 bonum
625 907 754 946 quam
776 896 958 935 maxime
976 909 1226 947 propagare,
1258 893 1330 933 8611
1354 894 1481 934 etiam
1507 893 1680 933 summis

158 951 397 1005 quibusque
427 950 638 991 illecebris
669 954 862 991 tentatus
894 966 1037 991 01111168
1069 951 1236 991 labores
1262 964 1394 1004 11811116
1422 950 1475 990 ad
1499 953 1680 990 mortem

157 1009 449 1062 turpissimam
487 1010 663 1060 propter
699 1007 847 1047 mundi
888 1012 929 1048 et
968 1009 1156 1061 ipsorum
1197 1008 1461 1048 inimicorum
1500 1006 1681 1047 salutem

157 1065 269 1108 ferre
301 1065 356 1105 sit
385 1068 575 1117 paratus
622 1063 777 1117 Neque
810 1065 921 1105 9111111
953 1065 1130 1117 gradum
1164 1079 1240 1105 nee
1272 1065 1351 1104 vim
1384 1063 1554 1104 virtutis
1574 1062 1681 1116 ejus-

158 1123 290 1173 modi,
337 1121 476 1175 qualis
521 1124 586 1161 est
630 1121 797 1161 animus
842 1122 1031 1163 moralis.
1084 1121 1441 1174 cmnprehemlere
1491 1134 1681 1173 unquam

157 1179 404 1233 poterimus,
421 1178 501 1218 nisi
529 1192 622 1219 eam
649 1192 742 1219 cum
769 1177 1095 1219 difficultatibus
1117 1182 1279 1219 certare
1308 1191 1463 1230 easque
1481 1190 1682 1229 superare

155 1235 493 1290 cogitaverimus.
554 1233 600 1275 Si
633 1235 727 1288 quis
758 1235 801 1274 in
832 1235 944 1276 hunc
977 1236 1107 1275 tilium
1140 1234 1327 1275 divinum
1361 1234 1594 1286 (quatenus
1625 1232 1679 1273 ab

154 1307 204 1335 eo
249 1294 480 1335 humanam
524 1295 725 1333 naturam
772 1296 1003 1332 assmntam
1052 1306 1141 1333 esse
1187 1292 1446 1344 cogitamus)
1492 1288 1682 1343 profecto

155 1350 402 1401 crediderit,
435 1349 457 1389 i.
491 1363 524 1390 e.
557 1349 591 1389 81
633 1349 726 1402 quis
771 1349 980 1402 ejusmodi
1029 1348 1182 1389 mentis
1227 1348 1400 1388 moralis
1438 1347 1518 1387 sibi
1554 1346 1683 1386 fuerit

155 1407 359 1459 conscius,
389 1409 438 1446 ut
460 1403 674 1448 confidere
698 1406 845 1459 possit,
875 1420 916 1446 86
949 1406 1142 1446 similiter
1174 1408 1389 1460 tentatum
1417 1407 1458 1445 et
1484 1407 1684 1445 vexatum

156 1479 252 1506 cum
283 1478 331 1505 eo
364 1463 544 1517 speciem
575 1463 753 1503 humani
784 1463 950 1516 generis
977 1476 1142 1515 semper
1165 1476 1254 1502 esse
1279 1465 1535 1509 secuturum,
1568 1459 1684 1500 solus

155 1535 251 1562 eum
284 1534 374 1562 sese
403 1520 562 1561 habere
594 1521 765 1573 poterit.
800 1520 873 1573 qui
904 1519 998 1560 Dee
1030 1520 1198 1572 placere
1231 1522 1372 1571 queat.

268 1577 418 1631 Atque
449 1576 546 1617 idea
578 1576 799 1617 moraliter
830 1576 1006 1629 perfecti
1039 1576 1219 1616 hominis
1250 1574 1305 1615 ad
1331 1588 1453 1614 usum
1485 1575 1685 1614 revocata

157 1634 352 1688 profecto
393 1648 469 1688 per
502 1646 544 1674 se
585 1633 699 1674 valet
744 1637 786 1675 et
829 1638 946 1675 certa
979 1637 1064 1683 est:
1109 1633 1149 1672 in
1203 1632 1369 1672 ratione
1411 1630 1520 1671 6111111
1553 1630 1688 1681 legem

157 1691 363 1732 moralem
407 1690 573 1732 ferente
620 1691 823 1731 consedit.
883 1690 1160 1743 Respsmdere
1209 1689 1244 1729 61
1288 1688 1506 1730 debemus,
1555 1699 1687 1739 quare

156 1762 329 1790 necesse
371 1751 455 1799 est,
501 1747 545 1788 id
591 1748 813 1800 possimus.
875 1747 1015 1800 Quam
1065 1745 1315 1786 tacultatcm
1357 1745 1390 1784 si
1432 1743 1688 1784 demostrari

157 1808 391 1859 oporteret,
437 1808 531 1845 tum
577 1804 725 1845 eodem
764 1805 859 1858 jure
905 1803 1189 1844 dubitandum
1232 1806 1359 1843 esset.
1414 1804 1559 1841 utrum
1603 1799 1687 1851 legi

156 1862 310 1903 morali
342 1876 391 1903 ea
423 1861 660 1902 auctoritas
692 1862 935 1902 conveniret
967 1874 1117 1901 necne.
1160 1863 1207 1899 ut
1239 1858 1417 1911 simplex
1459 1861 1498 1897 et
1542 1861 1687 1897 tamen

159 1918 373 1960 sufficiens
414 1932 543 1959 causa
583 1922 711 1969 esset,
756 1933 838 1971 quo
880 1917 1106 1958 arbitrium
1149 1919 1342 1956 nostrum
1379 1913 1689 1967 impellereturg

158 1989 258 2016 nam
291 1975 364 2029 qui
395 1974 488 2016 fieri
518 1975 669 2028 possit,
712 1979 759 2015 ut
788 1974 883 2015 idea
927 1974 1016 2015 sola
1056 1975 1217 2014 soi-mae
1254 1971 1404 2024 legalis
1442 1970 1595 2010 fortius
1633 1969 1688 2009 ad

160 2032 271 2073 hanc
312 2031 572 2085 implendam
610 2032 881 2085 impellamur
922 2045 1047 2083 quam
1087 2029 1283 2070 omnibus
1320 2027 1492 2068 aliunde
1524 2026 1689 2067 haustis

157 2089 307 2141 causis,
338 2103 416 2130 nec
446 2088 614 2130 ratione
646 2088 829 2141 intelligi
851 2102 988 2140 neque
1010 2086 1211 2139 exemplis
1237 2100 1287 2126 ex
1311 2085 1394 2125 vita
1425 2083 1689 2136 depromptis

156 2145 318 2186 firmari
348 2149 526 2199 postest.
584 2145 703 2199 Lege
734 2146 841 2186 9111111
887 2144 1135 2197 simpliciter
1170 2143 1370 2196 jubemur
1409 2141 1446 2181 ei
1483 2140 1563 2193 ipsi
1594 2154 1689 2180 con-

156 2202 376 2244 venienter
405 2202 558 2244 vivere.
604 2202 789 2243 Etiamsi
819 2215 1052 2254 numquam
1085 2199 1247 2241 fuisset.
1279 2199 1351 2251 11111
1383 2198 1419 2239 61
1443 2196 1690 2250 simpliciter

158 2259 492 2313 obtemperaret,
525 2262 669 2300 tamen
701 2258 983 2299 necessarium
1018 2260 1149 2307 esset,
1192 2260 1240 2296 ut
1272 2254 1564 2307 unusquisque
1596 2267 1689 2294 eam

157 2316 368 2370 impleret.
430 2315 576 2369 Quare
618 2315 830 2369 exemplo
854 2330 875 2355 e
915 2315 1001 2354 vita
1043 2313 1224 2366 repetito
1266 2326 1350 2352 non
1383 2314 1447 2351 est
1479 2324 1600 2363 opus,
1642 2313 1689 2350 ut

157 2372 299 2414 ideam
341 2373 524 2414 hominis
562 2372 657 2413 Deo
697 2372 860 2425 accepti
908 2370 1161 2411 imitandam
1215 2368 1337 2409 nobis
1384 2380 1689 2421 proponamus3

157 2430 251 2482 ipsa
293 2429 405 2472 enim
436 2429 618 2483 exempli
659 2429 795 2469 instar
833 2429 923 2482 jam
962 2428 1004 2467 in
1045 2426 1211 2467 ratione
1253 2429 1400 2465 nostra
1443 2423 1582 2476 posita
1615 2426 1690 2464 est.

160 2485 207 2528 Si
239 2486 332 2540 quis
362 2500 484 2538 vero,
525 2490 574 2527 ut
604 2485 859 2539 exemplum.
897 2484 1018 2525 ideae
1049 2483 1108 2523 illi
1149 2496 1401 2535 congruum,
1433 2478 1687 2520 imitandum

147 2543 369 2594 inveniat,
410 2546 582 2596 praeter
622 2543 736 2583 vitae
778 2542 990 2582 rationem
1030 2553 1205 2593 prorsus
1246 2539 1459 2590 integram
1498 2539 1540 2577 et
1577 2535 1690 2577 omni

159 2599 288 2641 laude
320 2599 495 2653 dignam
525 2599 733 2640 miracula
764 2601 1015 2652 perpetrata
1037 2596 1310 2649 flagitaverit,
1344 2593 1467 2634 simul
1486 2592 1691 2633 moralem

161 2669 282 2697 suam
312 2656 660 2698 incredulitatem
690 2654 984 2709 profitebitur.
1017 2654 1041 2694 i.
1065 2668 1098 2694 e.
1123 2652 1333 2693 defectum
1366 2650 1464 2691 fidei
1495 2650 1536 2689 in
1560 2649 1691 2689 virtu-

160 2715 248 2754 tem
261 2713 412 2765 solam,
435 2727 545 2767 quae
563 2712 781 2753 miraculis
803 2710 974 2752 firmata
987 2709 1070 2751 fide
1089 2723 1321 2762 numquam
1341 2711 1482 2760 potest
1499 2705 1691 2755 restitui3

163 2768 268 2811 fides
299 2770 410 2811 enim
442 2770 532 2811 sola
554 2770 596 2810 in
616 2769 924 2810 auctoritatem
947 2767 1060 2808 illius
1092 2766 1212 2806 ideae
1245 2764 1299 2806 ad
1324 2765 1435 2805 vitae
1454 2777 1575 2804 usum
1599 2776 1690 2817 per-

1157 2886 1171 2902 t
