1949 3066
911 153 960 196 11

170 289 291 332 nobis
323 290 417 343 quis
449 290 667 345 objecerit,
709 288 915 332 Cantium
946 291 1136 346 profecto
1169 291 1392 334 discrimen
1427 294 1540 335 inter
1571 309 1704 347 genus

170 350 213 387 et
249 348 433 400 speciem
468 348 702 390 humanam
739 347 887 390 fecisse
925 363 1063 402 neque
1095 353 1184 389 tam
1224 348 1273 389 de
1316 351 1579 403 singulorum
1618 367 1703 392 mo-

169 403 251 445 rali
281 405 543 457 perfectione
573 405 707 458 egisse
749 419 878 457 quam
916 406 1051 446 totius
1083 405 1250 457 generis
1290 406 1465 447 humani
1507 408 1704 449 eandem-

170 475 253 514 que
284 461 411 502 finem
442 461 592 502 mundi
624 461 884 517 designasse.
935 461 1050 503 Sane
1074 462 1319 514 saepissime
1344 463 1395 504 de
1419 465 1702 506 humanitatis

169 517 323 558 morali
354 518 615 571 perfectione
646 519 847 571 loquitur,
881 518 955 559 sed
987 518 1112 559 simul
1137 518 1186 559 de
1216 519 1385 560 homine
1406 519 1498 561 Deo
1527 526 1702 574 accepto

168 574 232 615 vel
264 573 351 615 filio
384 574 525 617 divino
558 580 599 616 et
632 575 684 616 de
715 575 893 629 singulis
925 575 1187 626 hominibus,
1218 577 1290 628 qui
1322 576 1433 617 hunc
1464 578 1701 619 imitantur.

168 630 366 672 Primum
399 646 669 685 quaeramus,
702 647 813 685 quae
844 632 957 674 ratio
990 632 1102 673 inter
1133 632 1447 674 humanitatem
1479 635 1703 676 moraliter

168 687 404 741 perfectam
451 693 494 731 et
538 689 754 730 hominem
800 687 895 730 Deo
941 693 1164 742 acceptum
1211 689 1462 731 intercedat.
1538 690 1700 745 Paulss)

169 742 373 786 Cantium
400 746 687 800 reprehendit,
721 745 835 799 quod
857 745 1001 787 ideam
1025 750 1067 786 et
1094 744 1321 799 personam
1346 747 1540 799 hominis,
1571 762 1703 801 genus

167 801 405 843 humanum
450 807 493 844 et
538 803 802 856 singularem
852 803 1067 844 hominem
1119 803 1231 843 inter
1287 817 1328 843 se
1376 805 1703 846 commiscuerit.

169 857 256 900 Sed
287 858 394 901 false
425 859 521 911 110ος
559 874 661 902 113111
698 860 824 901 1101110
856 859 950 901 Deo
988 864 1190 913 acceptus
1232 860 1465 901 secundnm
1498 859 1702 902 Cantium

167 930 253 957 11011
299 920 363 957 031
401 930 585 970 persona
627 916 858 970 singularis
903 930 1041 970 neque
1088 916 1259 957 omnino
1298 918 1457 970 species
1490 918 1703 971 quaedam

168 972 380 1024 humana,
418 974 547 1016 immo
579 974 828 1015 humanitas
866 974 942 1015 sub
976 974 1115 1028 specie
1157 987 1366 1027 personae
1407 976 1599 1028 cogitata
1640 976 1705 1016 vcl

167 1028 280 1070 filius
313 1030 497 1082 divinus,
530 1031 602 1084 (1111
633 1031 741 1072 nihil
768 1034 832 1072 est
857 1031 938 1072 nisi
962 1031 1123 1085 species
1162 1031 1370 1084 primaria
1394 1032 1570 1074 moralis
1611 1046 1704 1085 per-

166 1085 362 1128 fectionis
408 1087 624 1130 humanae
654 1088 826 1142 proprie
871 1088 916 1129 in
960 1088 1056 1130 Deo
1110 1088 1367 1141 quaerenda.
1429 1085 1702 1143 Simulatque

168 1141 350 1185 Cantius
389 1144 440 1186 de
482 1145 661 1198 singulis
700 1145 942 1199 quibusque
983 1144 1228 1186 hominibus
1269 1146 1378 1187 veris
1410 1147 1585 1199 cogitat,
1626 1150 1704 1188 aut

166 1200 354 1243 breviter
385 1201 601 1243 hominem
628 1206 937 1244 commemorat
970 1202 1118 1254 (homo
1142 1205 1302 1244 natura
1329 1202 1469 1244 malus
1492 1203 1556 1244 vel
1583 1217 1703 1244 num-

168 1272 297 1312 quam
327 1258 478 1312 culpae
506 1259 676 1313 expers)
696 1263 772 1300 aut
798 1259 957 1312 plurali
983 1273 1162 1301 numero
1183 1262 1310 1310 „nos“
1330 1261 1467 1300 utitur
1485 1260 1701 1313 (nostrum

167 1315 356 1356 omnium
389 1319 464 1368 est,
497 1316 554 1358 ad
584 1315 727 1357 ideam
758 1316 934 1358 moralis
966 1316 1240 1370 perfectionis
1272 1330 1348 1357 nos
1369 1317 1551 1369 tollere).
1597 1317 1701 1359 Jam

166 1371 339 1414 difficile
385 1376 449 1414 est
494 1373 737 1425 intellectu,
792 1387 1026 1427 quamnam
1071 1374 1155 1414 vim
1202 1378 1244 1414 et
1292 1374 1510 1415 notionem
1557 1371 1702 1416 Cantii

166 1429 416 1472 humanitas
448 1430 599 1483 (genus
625 1430 878 1484 humanum)
906 1431 1079 1472 habeat.
1128 1429 1270 1483 Atqui
1293 1446 1344 1472 ea
1371 1435 1448 1473 aut
1475 1445 1495 1471 e
1525 1431 1702 1484 singulis

164 1486 302 1540 iisque
344 1487 544 1528 omnibus
590 1491 761 1529 constat
807 1488 1051 1529 hominibus
1098 1488 1253 1541 (genus
1293 1489 1528 1529 humanum
1569 1488 1701 1539 reale)

165 1546 242 1584 aut
273 1543 330 1585 ad
370 1545 589 1585 notionem
631 1558 705 1585 seu
743 1544 885 1586 ideam
927 1545 1147 1586 hominum
1194 1549 1258 1586 est
1288 1544 1513 1586 referenda
1548 1546 1565 1595 ί
1570 1558 1702 1598 genus

164 1600 401 1642 humanum
423 1600 599 1654 ideale).
629 1601 965 1643 Humanitatem
989 1616 1010 1643 e
1029 1601 1207 1655 singulis
1237 1602 1433 1643 omnibus
1458 1601 1701 1642 hominibus

164 1658 445 1711 compositam
483 1656 665 1699 Cautius
713 1658 903 1712 perfecto
936 1659 1113 1701 innuere
1145 1673 1230 1700 non
1270 1659 1412 1712 potuit
1457 1662 1699 1713 propterea,

164 1714 280 1768 quod
298 1714 507 1768 ejusmodi
531 1716 745 1757 sententia
769 1716 823 1757 ab
842 1716 932 1770 ejus
955 1716 1288 1769 philosophandi
1305 1730 1458 1769 genere
1486 1714 1611 1768 plane
1624 1715 1701 1756 ab-

166 1771 312 1813 horret
337 1776 469 1825 atque
493 1773 583 1826 ipse
607 1773 716 1814 alias
732 1773 1049 1814 humanitatem
1067 1773 1170 1814 mali
1188 1773 1420 1814 immunem
1437 1786 1527 1813 esse
1545 1776 1702 1823 censet,

168 1842 299 1881 quum
326 1829 482 1882 singuli
511 1829 670 1883 quique
688 1830 880 1871 homines
905 1834 1063 1872 natura
1090 1830 1175 1871 sint
1202 1829 1303 1871 mali
1331 1829 1506 1882 (species
1534 1843 1701 1870 summa

165 1885 410 1927 sanctitatis
427 1886 743 1928 humanitatem
766 1901 890 1941 perse
914 1902 998 1928 non
1022 1887 1183 1928 malam
1210 1887 1402 1937 assumit,
1434 1900 1572 1939 neque
1601 1899 1699 1926 vero

165 1946 323 1984 natura
354 1942 493 1985 malus
525 1943 651 1985 homo
684 1957 774 1985 sese
806 1944 863 1986 ad
895 1957 990 1985 eam
1022 1943 1166 1996 tollit).
1228 1943 1376 1996 Quare
1409 1942 1460 1983 de
1493 1946 1702 1996 conceptu

166 2002 208 2039 et
247 2000 433 2042 essentia
477 2000 661 2041 hominis
707 2001 774 2042 vel
819 2000 1081 2054 intelligibili
1123 2001 1212 2054 ejus
1254 2004 1410 2041 natura
1450 1999 1524 2049 <ad
1566 2013 1696 2053 quam

164 2056 326 2097 malum
353 2057 447 2098 ideo
477 2071 562 2098 non
594 2058 794 2111 pertinet,
823 2057 937 2112 quod
964 2062 1029 2098 est
1059 2062 1233 2111 partum
1256 2056 1457 2098 libertate
1490 2056 1696 2107 humana,

164 2127 249 2154 non
280 2114 538 2155 necessitate
572 2114 764 2168 quadam
788 2115 1053 2168 impositum)
1078 2114 1294 2167 cogitavit.
1348 2112 1471 2167 Quae
1505 2113 1699 2154 humani-

164 2173 233 2211 tas
264 2173 306 2211 et
336 2170 379 2210 in
412 2171 608 2213 omnibus
640 2175 682 2213 et
718 2172 761 2212 in
793 2171 971 2225 singulis
1003 2175 1096 2212 1013
1130 2174 1195 2211 031
1227 2170 1297 2223 (cf.
1331 2169 1451 2211 Scoti
1481 2169 1699 2222 Erigenae

164 2226 216 2268 de
250 2227 330 2268 div.
362 2232 453 2269 nat.
486 2227 539 2279 V,
571 2228 660 2283 31).
721 2227 830 2270 Cum
863 2228 1012 2270 eadem
1045 2227 1184 2269 forma
1216 2227 1392 2269 moralis
1423 2226 1699 2280 perfectionis

163 2297 329 2326 summa
360 2285 652 2335 consociatum
684 2300 819 2339 quare
850 2299 982 2339 quum
1005 2285 1299 2337 unusquisque
1331 2283 1616 2325 humanitatis
1639 2283 1694 2323 sit

161 2341 388 2394 particeps,
411 2341 538 2395 hujus
562 2357 732 2396 quoque
756 2342 878 2383 ideae
897 2341 944 2382 fit
962 2355 1146 2395 compos.
1195 2340 1351 2394 Quoad
1369 2341 1502 2393 igitur
1519 2340 1693 2381 moralis

161 2397 433 2450 perfectionis
465 2398 586 2440 ideae
619 2399 915 2450 subfuerimus,
947 2398 1022 2451 ipsi
1043 2398 1137 2439 Deo
1168 2397 1445 2451 placebimus.
1495 2396 1580 2438 Sed
1609 2411 1692 2450 (1110

163 2458 303 2495 10111111
327 2469 459 2507 genus
487 2455 723 2497 humanum
749 2456 912 2507 tendat,
940 2455 1038 2496 inde
1062 2470 1146 2497 11011
1176 2458 1239 2496 est
1266 2458 1477 2508 apertum.
1525 2453 1692 2494 Multae

160 2510 294 2564 igitur
332 2513 606 2565 quaestiones
644 2517 828 2555 exstant.
873 2526 982 2565 quae
1015 2510 1160 2553 Cantii
1193 2510 1389 2552 doctriua
1422 2510 1472 2552 de
1505 2510 1693 2552 humana

160 2564 314 2610 morali
359 2569 618 2622 perfectione
664 2574 876 2623 tanquam
922 2568 1071 2609 mundi
1117 2567 1251 2609 creati
1298 2568 1439 2609 divino
1481 2567 1563 2608 fine
1610 2582 1692 2609 non

161 2624 394 2667 solvantur.

253 2751 288 2796 >⁴⁵)
315 2751 446 2786 Kant’s
471 2750 587 2787 Lehre
613 2761 697 2787 vom
724 2750 1012 2809 Idealjslhristus
1040 2749 1128 2785 1869
1152 2760 1188 2797 p.
1215 2748 1257 2784 31
1283 2761 1328 2787 ss.
