1949 3066
959 142 1041 201 12'

331 290 436 334 Jam
481 292 525 333 in
561 291 707 334 Oantii
753 294 968 335 hominem
1014 295 1238 338 moraliter
1282 295 1519 349 perfectum
1564 299 1606 338 et
1651 295 1745 339 Deo

223 352 446 402 acceptum
476 349 606 390 altius
637 350 918 404 inquiramus.

333 404 509 458 Triplex
551 404 697 447 Cantii
732 408 859 448 homo
891 407 985 449 Deo
1027 412 1228 462 acceptus
1268 409 1436 450 videtur
1467 423 1574 452 esse:
1619 411 1664 463 a)
1695 410 1742 462 15,

223 461 295 514 qui
324 461 448 503 ideae
479 462 615 503 instar
646 463 689 503 in
706 464 878 505 numine
902 464 1044 505 divino
1080 465 1209 517 inest;
1233 466 1278 520 b)
1309 467 1355 517 is,
1387 467 1460 520 qui
1486 467 1740 519 exemplaris

218 518 355 558 instar
386 518 600 560 humanae
631 519 791 561 rationi
821 520 1078 562 informatus
1109 526 1191 573 est3
1222 524 1260 576 c)
1278 523 1324 575 is,
1355 522 1399 562 in
1431 537 1556 577 quem
1588 523 1745 576 singuli

220 577 395 627 accepta
427 575 517 628 ejus
547 580 689 617 mente
720 580 959 618 transeunt.
1019 578 1100 619 Ille
1136 579 1297 632 primus
1338 583 1537 620 aeternus
1568 582 1632 620 est
1662 579 1746 621 Dei

218 629 341 674 filius,
366 629 528 683 effigies
556 631 725 673 divinae
752 633 926 685 gloriae,
958 634 1147 675 medium
1171 636 1320 676 mundi
1342 636 1582 685 creationis,
1614 649 1743 677 causa

219 686 349 726 divini
379 688 537 728 amoris
567 689 728 729 mundi.
774 689 966 731 Dubium
999 705 1099 732 sane
1124 706 1214 733 esse
1240 693 1400 746 nequit,
1430 692 1543 733 unde
1567 692 1747 734 Cautius

219 756 292 794 eay
327 757 437 795 quae
467 744 589 785 ideae
614 746 789 787 moralis
820 746 1093 800 perfectionis
1125 748 1293 790 divinae
1329 749 1507 801 tribuat,
1541 749 1748 790 hauserit.

219 797 377 840 Omnia
409 813 578 841 sacrum
609 802 797 843 codicem
821 817 985 845 necnon
1011 805 1216 847 ecclesiae
1238 805 1476 846 doctrinam
1500 805 1552 846 de
1569 804 1741 847 Christo

217 855 425 896 redolent.
485 856 635 912 Atque
676 873 807 911 quum
845 861 1091 913 saepissime
1128 865 1204 902 aut
1232 862 1364 903 verba
1396 865 1472 903 aut
1501 863 1740 904 sententiae

219 925 366 953 sacrae
407 913 644 967 scripturae
682 916 936 969 allegentur,
983 917 1174 971 profecto
1207 919 1419 972 quispiam
1454 918 1573 960 haud
1601 919 1744 972 inepte

218 981 307 1009 sese
337 968 552 1011 facturum
589 986 679 1013 esse
697 972 1024 1025 existimaverit,
1056 978 1158 1016 ante
1183 975 1337 1026 omnia,
1363 989 1474 1028 quae
1496 975 1608 1016 ratio
1634 976 1748 1016 int-er

176 1027 180 1030 ⁴
220 1022 365 1065 Oantii
396 1040 519 1068 usum
548 1028 782 1069 bibliorum
815 1030 1132 1084 eorundemque
1168 1036 1355 1073 mentem
1397 1032 1645 1073 historicam
1677 1046 1751 1073 seu

218 1095 364 1122 veram
394 1082 645 1134 intercedat,
677 1087 914 1140 exquirere.
975 1086 1062 1128 Sed
1094 1102 1225 1141 quum
1255 1089 1345 1142 ipse
1378 1088 1535 1130 diserte
1564 1092 1749 1141 moneat,

219 1151 262 1178 se
295 1141 489 1190 quamvis
520 1156 772 1183 consensum
814 1144 1052 1197 scripturae
1093 1159 1188 1185 cum
1228 1145 1395 1187 ratione
1432 1145 1621 1186 humana
1652 1160 1748 1198 pro-

218 1194 324 1235 bare
350 1200 546 1238 nostrum
573 1199 762 1240 omnium
782 1200 847 1252 511,
873 1204 1021 1241 tamen
1038 1201 1271 1242 concedere
1297 1201 1402 1243 alios
1423 1202 1553 1243 aliam
1570 1201 1748 1255 scriptu-

221 1264 296 1291 rae
326 1256 513 1295 mentem
545 1269 793 1309 expromere
824 1271 946 1310 posse
977 1271 1119 1310 neque
1139 1259 1309 1299 omnino
1337 1273 1380 1299 se
1403 1258 1747 1311 interpretatoris

219 1307 483 1359 provinciam
515 1312 658 1353 subire
688 1312 809 1363 Velle,
842 1314 999 1367 quippe
1031 1329 1141 1367 quae
1172 1315 1377 1355 terminos
1408 1314 1538 1356 solius
1567 1315 1748 1356 rationis

219 1363 413 1417 excedat,
468 1368 596 1409 immo
651 1383 695 1409 se
746 1370 952 1411 moralem
1007 1371 1162 1412 codicis
1213 1372 1323 1412 sacri
1376 1374 1563 1412 mentem
1614 1371 1749 1412 solam

220 1432 425 1473 quaerere
469 1424 534 1473 (cf.
567 1428 693 1466 notas
723 1440 762 1478 p.
794 1426 859 1467 43.
890 1441 930 1480 p.
960 1427 1013 1467 98
1046 1427 1148 1469 edit.
1179 1427 1511 1479 Kirchmanni),
1552 1441 1750 1481 superva-

220 1489 399 1519 caneum
430 1481 600 1522 videt-ur
630 1495 721 1523 esse
752 1482 803 1523 de
827 1482 1070 1525 discrimine
1094 1482 1301 1526 Cantiani
1325 1488 1368 1526 et
1396 1484 1484 1526 veri
1511 1484 1748 1538 scripturae

218 1532 463 1578 intellectus
494 1538 749 1592 disceptare.
809 1538 1129 1581 Tantummodo
1167 1542 1201 1582 si
1243 1540 1381 1582 officio
1412 1555 1489 1581 nos
1521 1541 1750 1582 obstrictos

221 1602 312 1630 esse
343 1598 498 1642 censet,
537 1609 559 1636 e
591 1596 721 1636 sacris
753 1597 1035 1650 scriptoribus
1076 1611 1171 1639 eam
1208 1601 1395 1639 mentem
1433 1611 1592 1650 eruere,
1637 1611 1750 1650 quae

219 1659 315 1686 cum
346 1650 516 1691 rat-ione
547 1655 696 1693 nostra
734 1657 958 1706 congruat.
997 1654 1283 1696 resistendum
1325 1655 1362 1696 ei
1394 1668 1484 1695 esse
1523 1657 1749 1707 putamus3

217 1716 356 1755 neque
381 1707 493 1748 enim
515 1722 720 1761 unquam.
747 1709 829 1750 nisi
851 1709 963 1751 forte
987 1711 1169 1764 scriptor
1190 1711 1280 1764 ipse
1310 1711 1399 1752 tale
1424 1710 1527 1764 quid
1550 1710 1750 1762 innuerit,

220 1772 290 1820 res
321 1767 465 1815 gestas
495 1765 538 1805 10
570 1765 690 1806 ideas
722 1765 933 1819 quasdam
966 1767 1128 1809 solvere
1150 1772 1344 1809 nostrum
1376 1768 1467 1809 erit.
1514 1766 1750 1809 Praeterea

220 1828 256 1854 Sl
290 1816 472 1861 Cautius
504 1835 626 1862 suum
667 1823 905 1876 scripturae
941 1838 1065 1864 usum
1103 1825 1318 1866 sententia
1357 1824 1433 1865 illa
1464 1821 1627 1864 Christi
1655 1837 1751 1878 pro·

219 1870 325 1915 bare
356 1876 521 1919 studet:
555 1878 627 1932 qui
657 1893 743 1920 non
775 1883 839 1920 est
865 1883 1015 1921 contra
1040 1895 1127 1932 nos,
1159 1881 1194 1921 is
1219 1895 1296 1934 pro
1319 1881 1440 1922 nobis
1464 1883 1539 1931 est,
1571 1883 1752 1934 apparet

222 1940 319 1971 eam
359 1933 416 1974 ad
455 1934 771 1988 interpretandi
807 1936 964 1977 codicis
1005 1937 1115 1978 sacri
1154 1937 1404 1978 methodum
1446 1938 1637 1978 revocari
1665 1950 1751 1978 non

220 1998 359 2037 posse.
418 1989 572 2044 Neque
608 1996 804 2033 nostrum
842 2006 930 2034 esse
968 2007 1188 2034 censemus
1220 1992 1423 2035 Cantium
1466 2007 1516 2034 ex
1548 1993 1750 2035 ecclesiae

226 2044 423 2087 doctrina
462 2047 735 2101 impugnare3
782 2049 886 2102 quid
931 2050 1042 2090 enim
1081 2050 1258 2103 prodest
1298 2051 1462 2091 eminus
1506 2050 1637 2091 armis
1676 2049 1751 2102 uti,

225 2101 307 2144 nisi
338 2103 529 2145 cominus
559 2119 656 2145 cum
689 2119 737 2146 eo
768 2119 962 2159 pugnare
992 2106 1136 2147 ausis?

339 2159 522 2213 Proprie
560 2175 641 2209 nos,
678 2161 733 2202 ad
764 2166 950 2203 mentem
979 2176 1154 2216 prorsus
1185 2162 1389 2204 moralem
1421 2163 1541 2203 evehi
1571 2165 1753 2216 oport-et,

227 2216 301 2257 sed
334 2230 465 2269 quum
496 2218 586 2271 ejus
616 2232 701 2259 non
733 2218 864 2259 simus
895 2223 1104 2271 auctores,
1136 2220 1262 2260 immo
1295 2234 1388 2260 eam
1405 2219 1563 2260 rationi
1579 2222 1752 2260 nostrae

228 2276 436 2325 tanquam
466 2273 607 2315 ideam
638 2273 812 2316 infixam
848 2276 1112 2316 inveniamus
1143 2276 1396 2325 nescientes,
1435 2275 1648 2329 quomodo
1680 2289 1752 2316 οο-

224 2329 389 2370 biscum
431 2331 632 2384 conjungi
670 2332 880 2384 potuerit,
928 2332 1105 2373 coelitus
1148 2347 1239 2373 eam
1280 2332 1335 2373 ad
1374 2346 1452 2374 nos
1484 2331 1752 2373 descendisse

225 2385 453 2426 asserimus
484 2391 615 2441 atque
655 2402 733 2441 pro
764 2389 888 2430 nobis
919 2389 1056 2429 multa
1087 2403 1331 2442 perpessam
1364 2402 1465 2429 0550.
1520 2386 1600 2428 Cui
1630 2387 1752 2429 ideae

224 2442 482 2495 respondere
514 2443 734 2491 debemus:
765 2444 1024 2498 impellimur
1055 2446 1166 2486 00101
1197 2445 1295 2485 inde
1322 2445 1378 2486 ad
1402 2446 1533 2485 vitam
1558 2444 1752 2485 funditus

226 2498 490 2539 mutandam.
537 2498 624 2540 Sed
654 2515 756 2541 num
787 2501 866 2543 hoc
896 2501 1149 2554 possumus?
1192 2500 1374 2543 Cantius
1405 2515 1505 2542 sane
1530 2515 1605 2541 005
1629 2501 1751 2542 ideae

224 2554 399 2595 moralis
430 2555 700 2607 perfectionis
726 2558 1026 2599 convenienter
1050 2572 1177 2611 agere
1202 2572 1324 2612 posse
1354 2558 1554 2599 affirmat.
1602 2557 1751 2610 Atque

226 2611 316 2663 ejus
347 2610 566 2652 facultatis
597 2616 685 2653 tam
717 2628 841 2668 saepe
873 2615 1131 2655 mentionem
1164 2615 1287 2659 facit,
1329 2618 1376 2655 ut
1413 2613 1510 2654 inde
1551 2613 1751 2666 colligere

226 2668 290 2707 fas
322 2667 388 2717 511,
421 2668 512 2721 ejus
543 2683 810 2724 summopere
842 2671 1079 2723 1010105550,
1111 2675 1159 2712 ut
1190 2672 1321 2724 ipsius
1346 2670 1602 2712 sententiam
1628 2683 1752 2711 nemo

225 2722 455 2775 infringere
488 2729 679 2767 conetur.
725 2726 835 2768 Eam
866 2727 998 2782 igitur
1029 2742 1112 2768 000
1144 2728 1382 2781 rejiciemus
1413 2726 1493 2767 uisi
1526 2726 1753 2781 diligenter
