1949 3066
914 156 967 205 31

167 315 306 358 neque
337 300 392 345 ad
423 301 689 345 individuum
730 300 947 355 quoddam
979 300 1208 355 pertinere.
1271 299 1413 352 Quam
1446 297 1703 340 sententiam

169 375 190 402 e
223 359 379 412 Cantii,
425 358 687 412 schellingii,
728 358 891 399 Fichtii
936 357 1151 399 sententia
1184 357 1236 397 de
1274 356 1363 397 silio
1403 355 1545 396 divino
1585 370 1704 396 exor-

168 421 259 458 tam
290 421 333 458 et
364 417 655 459 commixtam
674 429 766 456 esse
796 429 872 468 per
897 429 940 455 se
964 414 1242 455 manifestum
1266 417 1342 454 est.
1389 412 1497 453 Idea
1524 413 1703 453 unitatis

169 474 338 515 divinae
369 477 413 515 et
443 473 658 514 humanae
689 475 871 512 naturae
904 470 1158 524 Schellingii
1188 484 1352 511 necnon
1377 469 1537 510 Fichtii
1567 468 1705 523 philo-

170 531 367 585 sophiam
403 529 585 571 redolet.
645 527 757 569 Tum
802 528 944 569 ideam
990 527 1109 569 illam
1154 541 1239 568 non
1279 527 1323 567 in
1359 540 1491 567 unam
1522 526 1705 580 speciem

169 586 328 629 effundi
361 600 506 628 omnes
532 590 620 626 tres
641 584 924 641 affirmarunt,
956 585 1030 625 sed
1048 585 1091 625 in
1115 597 1270 638 genere
1292 583 1480 624 humano
1503 581 1703 623 habitare

171 643 350 686 Cautius
392 647 435 685 et
474 642 674 683 Fichtius
721 645 986 692 statuerunt,
1034 655 1165 696 quum
1197 639 1485 693 Schellingius
1531 653 1624 680 eam
1661 638 1704 678 in

169 705 261 743 toto
293 700 416 741 finito
448 712 659 754 apparere
690 702 897 740 censeret.
956 697 1109 753 Neque
1142 712 1237 739 cum
1268 697 1319 738 iis
1349 695 1591 746 fecerimus,
1632 695 1703 749 qui

171 761 382 808 censeant,
415 761 492 798 aut
520 755 577 797 ad
602 755 844 796 doctrinam
874 756 1030 797 veteris
1061 754 1331 808 dogmaticae
1357 753 1408 793 de
1439 752 1530 793 filio
1562 752 1705 792 divino

170 818 245 856 aut
270 813 326 855 ad
345 813 699 869 philosophorum
723 815 945 854 aeternam
971 812 1113 854 ideam
1139 810 1331 865 ejusdem
1348 809 1471 851 nobis
1494 823 1586 850 esse
1610 823 1706 849 con-

169 871 431 924 fugiendum.
469 869 732 911 Persuasum
757 869 869 909 enim
893 869 1111 921 habemus,
1133 883 1154 910 e
1180 867 1496 923 personalitate
1515 866 1704 906 humana

169 928 384 984 perveniri
414 927 470 968 ad
502 927 690 968 divinam
720 939 949 980 personam
981 929 1111 980 atque
1152 925 1206 966 ab
1244 925 1430 965 humano
1471 937 1618 964 amore
1649 921 1705 963 ad

169 985 358 1026 divinum
398 998 605 1035 amorem,
637 981 736 1023 inde
767 996 865 1024 vero
904 982 960 1024 ad
997 986 1223 1024 aeternum
1255 981 1324 1022 dei
1358 979 1498 1021 filium
1529 993 1701 1021 carnem

169 1041 339 1084 factum.
