1949 3066
962 163 1017 205 24

203 300 347 337 tamen
380 310 475 337 eum
512 299 613 338 ante
652 296 795 338 omnia
835 298 1013 339 verbum
1051 312 1224 341 carnem
1264 299 1427 342 factum
1459 301 1628 354 sumsit,
1671 302 1745 344 ad-

205 353 352 393 mixtis
384 367 484 394 sane
516 353 690 394 somniis
715 353 900 394 Judaeis
924 354 976 395 de
1000 353 1088 396 filio
1105 355 1288 398 Davidis
1316 362 1358 398 et
1382 357 1566 399 foederis
1589 361 1744 401 veteris

204 409 465 462 abrogatore
503 410 685 462 novique
722 410 985 452 institutore.
1046 409 1155 453 Cum
1194 413 1354 467 ubique
1394 418 1487 455 tum
1520 416 1636 470 apud
1666 416 1743 458 Jo-

203 479 360 506 annem
405 466 718 520 primogenitus
761 471 803 507 et
848 467 996 508 unicus
1036 467 1149 510 filius
1186 474 1250 510 est
1288 471 1444 524 patris,
1488 472 1741 526 neutiquam

206 526 464 563 emanatuus
497 522 565 564 vel
596 522 684 563 tale
716 523 830 575 quid,
864 524 937 564 sed
971 524 1024 565 ab
1057 529 1235 566 aeterno
1268 540 1363 567 cum
1383 541 1430 568 eo
1448 528 1594 569 unitus
1619 529 1742 583 eique

207 579 415 632 aequalis.
467 576 626 619 Omnes
655 592 754 620 vero
785 593 862 634 per
895 594 991 621 eum
1025 580 1196 624 demum
1225 583 1270 623 in
1301 583 1478 637 ejusque
1509 586 1740 626 essentiam

206 635 485 676 transmutati
516 634 594 675 filii
624 635 692 676 dei
723 635 816 677 fieri
846 641 1039 690 possunt.
1102 636 1225 690 Quae
1257 640 1529 692 agnoscenda
1561 645 1672 693 sunt,
1705 642 1740 683 si

204 691 298 746 quis
330 691 609 732 christianam
640 692 890 744 religionem
919 697 1034 735 recte
1059 694 1339 750 interpretari
1364 696 1467 736 vult.
1513 696 1663 751 Atque
1690 702 1739 739 ut

201 747 284 800 ipsi
317 747 527 800 ejusmodi
559 749 819 789 sententiam
836 750 958 790 nobis
982 750 1203 804 applicare
1228 752 1426 803 nolimus,
1458 757 1573 794 recte
1592 757 1738 796 tamen

203 803 478 856 dijudicanda
522 808 597 846 est.
657 804 939 846 Memoranda
979 806 1158 860 perinde
1198 808 1352 850 haecce
1391 809 1591 850 vident-ur
1628 824 1737 852 esse:

202 874 238 899 a.
272 860 451 901 Unitate
489 861 691 902 absoluta
726 862 839 902 vitae
877 863 1092 904 humanae
1134 878 1230 905 cum
1269 865 1413 906 divina
1459 865 1566 906 nihil
1606 867 1737 908 altius

204 917 386 969 cogitari
416 921 570 971 potest.
628 916 749 970 Quae
782 920 968 971 cognitio
1001 924 1102 961 ante
1133 920 1165 961 J
1169 934 1288 961 esum
1318 935 1531 975 nusquam
1560 928 1736 978 reperta

204 977 286 1024 est;
326 973 482 1014 abhinc
524 988 657 1028 usque
698 974 755 1016 ad
792 975 905 1016 hunc
943 975 1055 1017 diem
1096 990 1233 1030 paene
1271 981 1455 1019 evanuit.
1516 977 1602 1020 Sed
1635 994 1736 1033 quo-

201 1030 327 1070 modo
354 1029 387 1071 J
390 1044 485 1071 esus
513 1046 607 1072 eam
631 1031 889 1084 acquisivit?
920 1031 1020 1073 Non
1046 1037 1110 1074 est
1132 1034 1298 1086 mirum,
1332 1035 1365 1075 si
1389 1035 1483 1088 quis
1506 1036 1734 1078 veritatem

192 1086 283 1138 jam
322 1087 538 1128 inventam
569 1088 745 1142 recipitg
789 1088 865 1130 sed
907 1089 1269 1143 quemadmodum
1309 1092 1484 1145 primus,
1524 1093 1597 1146 qui
1639 1107 1734 1134 eam

195 1142 385 1194 fovebat,
429 1158 476 1184 eo
523 1145 783 1198 pervenerit,
831 1146 1053 1186 nescimus.
1114 1145 1260 1199 Quare
1301 1147 1431 1189 -Jesus
1477 1147 1733 1191 Nazarenus

191 1212 297 1252 prae
329 1200 526 1241 omnibus
558 1201 808 1254 unigenitus
839 1201 953 1242 filius
986 1202 1153 1243 divinus
1184 1207 1248 1244 est
1279 1208 1322 1244 et
1347 1204 1390 1244 in
1414 1219 1538 1246 omne
1561 1209 1732 1260 tempus

192 1255 285 1295 erit.
355 1256 395 1297 b.
439 1255 645 1310 Quamvis
694 1259 987 1311 unusquisque
1024 1259 1067 1299 in
1113 1259 1234 1300 libris
1276 1261 1573 1315 apostolorum
1619 1262 1730 1304 hanc

194 1311 434 1353 doctrinam
489 1314 677 1367 reperire
727 1319 858 1366 queat
905 1320 1037 1368 atque
1082 1315 1364 1370 philosophus
1415 1317 1469 1359 ab
1521 1318 1729 1371 religione

193 1368 425 1410 christiana
459 1375 710 1422 segregatus
748 1371 928 1412 eandem
959 1372 1177 1413 inventam
1209 1376 1299 1413 tam
1338 1373 1453 1414 clare
1484 1375 1728 1428 perspiciat,

193 1439 323 1477 quam
353 1425 470 1466 illinc
501 1426 622 1467 uobis
654 1441 739 1468 non
767 1428 821 1467 sit
844 1427 1020 1480 tradita,
1052 1432 1198 1469 tamen
1222 1443 1367 1471 omnes
1394 1430 1728 1485 disceptationes

191 1481 515 1536 philosophicae
546 1483 645 1524 inde
677 1484 944 1538 prodierunt,
987 1485 1146 1539 quippe
1185 1500 1316 1539 quum
1357 1487 1541 1528 eruditio
1578 1491 1729 1530 nostra

145 1570 167 1588 ⁸
190 1537 473 1580 multifariam
525 1539 715 1581 indidem
769 1540 958 1595 pendeat
1011 1555 1150 1595 neque
1202 1542 1292 1583 sine
1344 1557 1395 1585 ea
1447 1543 1502 1585 ad
1555 1547 1728 1586 tantum

190 1595 385 1636 veritatis
438 1594 659 1649 fastigium
715 1597 1003 1639 eveheremur.
1079 1596 1359 1653 Quapropter
1415 1600 1658 1654 quicunque
1705 1616 1726 1643 e

191 1648 355 1691 Christi
387 1657 533 1693 aetate
566 1667 660 1693 cum
689 1652 782 1694 Deo
815 1655 1032 1708 conjuncti
1063 1659 1175 1706 811111,
1207 1655 1336 1696 iidem
1366 1670 1444 1711 per
1475 1671 1571 1698 eum
1590 1657 1726 1698 solum

189 1722 237 1748 00
270 1714 569 1762 pervenerunt.
617 1707 732 1761 Quin
765 1711 895 1752 etiam
926 1725 1062 1764 usque
1094 1711 1150 1752 ad
1178 1725 1422 1766 supremum
1445 1713 1557 1754 diem
1580 1728 1725 1755 omnes

188 1765 404 1818 sapientes
446 1780 590 1807 coram
631 1766 740 1806 Jesu
780 1765 1009 1808 Nazareno
1047 1782 1188 1820 genua
1226 1782 1303 1810 sua
1341 1768 1518 1811 flectent
1558 1774 1601 1810 et
1640 1785 1724 1824 quo

186 1821 323 1873 magis
355 1822 497 1862 animo
531 1827 628 1863 sunt
668 1823 896 1875 submisso,
940 1838 988 1865 eo
1019 1825 1156 1877 magis
1188 1825 1369 1877 gloriam
1401 1826 1601 1868 eximiam
1632 1828 1724 1881 ejus

186 1882 432 1929 agnoscent.
502 1878 627 1920 Haec
665 1880 721 1920 ad
761 1881 1019 1921 sententiam
1057 1881 1338 1923 christianam
1375 1887 1525 1924 contra
1565 1882 1723 1924 falsum

186 1937 227 1973 et
260 1934 492 1988 inaequum
522 1935 729 1988 judicium
760 1937 969 1978 tuendam
1001 1936 1228 1979 sufficiant.
1278 1936 1363 1979 Sed
1389 1939 1539 1980 eadem
1564 1941 1723 1981 nemini

187 1994 252 2030 081
283 1991 582 2045 impertienda7
627 1993 699 2046 qui
730 2006 867 2046 neque
898 1993 1018 2035 illam
1049 1998 1219 2048 partem
1250 1994 1499 2037 historicam
1530 1996 1721 2038 animad-

184 2048 362 2088 verterit
393 2062 480 2098 nec,
514 2061 623 2101 quae
655 2049 715 2090 ibi
745 2050 935 2090 invenire
967 2049 1090 2090 nobis
1120 2050 1360 2103 videamur,
1392 2052 1620 2103 invenerit3
1650 2068 1721 2094 ne-

187 2116 267 2154 11110
301 2104 413 2145 0111111
445 2119 541 2145 011111
572 2105 622 2144 118
654 2105 902 2146 faciundum
934 2120 1023 2147 esse
1055 2111 1269 2160 putamus,
1309 2108 1462 2161 quibus
1493 2122 1561 2149 res
1593 2122 1721 2163 quae-

187 2159 285 2200 dam
329 2165 508 2215 propter
550 2161 686 2206 solum
728 2176 883 2204 nomen
931 2163 1114 2217 placeat..
1174 2162 1276 2204 Non
1320 2165 1535 2206 historicis
1580 2165 1720 2217 rebus,

185 2216 258 2256 sed
290 2217 390 2257 solis
423 2218 726 2271 metaphysicis
757 2219 876 2260 beati
907 2219 1147 2270 reddimur3
1178 2219 1297 2261 illinc
1328 2221 1443 2262 solus
1473 2221 1720 2264 intellectus

181 2274 384 2325 augescit.
446 2272 493 2314 Si
533 2274 626 2327 quis
662 2275 856 2329 protecto
905 2290 999 2316 cum
1038 2275 1132 2317 Deo
1179 2280 1244 2317 est
1289 2278 1562 2331 conjunctus,
1611 2279 1718 2319 nihil

180 2328 322 2380 refert,
357 2344 440 2384 qua
459 2331 627 2371 ratione
647 2345 695 2372 eo
715 2333 976 2386 pervenerit3
1009 2336 1180 2373 tantum
1200 2333 1311 2373 enim
1330 2334 1465 2386 abest,
1496 2339 1545 2375 ut
1561 2349 1717 2376 memo-

179 2385 287 2426 riam
318 2386 410 2427 viae
441 2391 634 2441 repetere
667 2389 813 2442 prosit,
845 2393 893 2429 ut
925 2393 1089 2439 contra,
1110 2389 1157 2441 *si
1181 2390 1273 2443 quis
1298 2404 1388 2431 rem
1410 2391 1548 2445 ipsam
1572 2406 1715 2433 conse-

181 2442 253 2494 qui
285 2443 470 2494 studeat,
503 2449 667 2485 noceat.
726 2444 876 2499 Atque
908 2444 940 2486 J
943 2459 1038 2486 esus
1069 2446 1159 2500 ipse
1191 2446 1226 2487 si
1256 2446 1299 2486 in
1330 2447 1537 2488 mundum
1568 2452 1714 2503 posset

179 2498 331 2551 redire,
365 2500 517 2541 animis
548 2501 747 2541 humanis
777 2502 985 2554 religione
1017 2502 1251 2544 christiana
1282 2503 1389 2544 bene
1421 2504 1553 2545 infixa
1585 2505 1714 2559 plane

179 2558 289 2594 esset
320 2560 546 2597 contentus
578 2570 715 2611 neque
749 2562 987 2611 quaereret,
1030 2562 1174 2599 utrum
1210 2559 1345 2613 ipsius
1376 2561 1577 2602 meritum
1608 2561 1713 2602 cele-

176 2609 378 2651 braretur
410 2627 552 2654 1100110.
599 2613 624 2654 J
635 2628 709 2655 ure
742 2615 853 2655 enim
884 2628 1137 2669 persuasum
1153 2615 1372 2667 habemus,
1406 2631 1513 2668 0111117
1543 2618 1614 2671 (1111
1634 2631 1711 2671 per

176 2667 309 2708 vitam
357 2682 476 2709 suam
525 2670 656 2711 solius
706 2670 773 2711 dei
818 2670 1002 2723 gloriam
1047 2672 1232 2726 petierit,
1277 2686 1512 2729 numquam
1558 2673 1711 2716 suimet

176 2722 310 2777 ipsius
341 2723 546 2767 honorem
579 2726 876 2781 quaesiturum
907 2741 1011 2769 esse.
