1949 3066
889 161 942 207 ‘29

148 301 360 346 Videmus
378 299 600 342 Fichtium
631 313 718 341 non
749 300 887 341 solum
918 301 1136 354 mundum,
1169 302 1397 345 sedetiam
1422 305 1689 359 evangelium

149 358 399 400 Joanneum
429 371 506 411 per
537 371 659 397 suam
689 356 1009 412 philosophiam
1040 359 1209 400 intueri.

262 413 350 456 Sed
382 414 473 468 jam
519 426 629 468 quae
669 414 782 454 ratio
829 414 942 455 inter
981 414 1119 456 filium
1161 415 1349 457 divinum
1387 421 1428 458 et
1467 416 1688 460 Christum

148 471 403 513 historicum
433 470 677 511 intercedat
710 471 947 524 quaeritur.
998 471 1179 525 Proprie
1213 473 1280 513 dei
1312 473 1509 515 humanis
1540 477 1690 516 menti-

146 528 230 570 bus
260 527 395 569 infixa
425 527 673 582 praesentia
704 531 906 567 aeternus
938 526 1056 579 λόγος
1090 528 1256 569 divinus
1288 534 1369 580 951;
1409 530 1483 571 sed
1515 532 1689 585 quicun-

149 598 232 640 que
262 585 432 626 unitate
464 598 542 625 sua
573 597 669 625 cum
706 583 785 636 deo
823 588 1029 637 percepta
1066 585 1200 626 vitam
1233 600 1352 626 suam
1386 586 1464 627 deo
1495 588 1687 640 profecto

149 641 280 694 dedit,
305 642 349 682 in
376 655 424 682 eo
452 644 676 683 aeternum
703 640 772 682 dei
797 640 973 681 verbum
999 655 1098 682 caro
1116 641 1179 682 fit.
1226 642 1372 695 Quare
1388 641 1503 683 filius
1521 643 1687 685 divinus

148 713 235 740 non
278 712 389 739 unus
430 701 496 739 est
537 696 794 747 censendus,
840 697 968 738 immo
1006 698 1212 750 permulti
1261 713 1357 740 eum
1394 705 1583 754 aequant
1623 702 1689 742 vel

148 755 275 796 multi
313 759 414 795 sunt
449 754 529 795 filii
571 753 713 795 divini.
774 752 897 806 Quae
938 757 1002 794 est
1041 755 1200 796 veritas
1241 752 1533 810 metaphysica
1572 757 1689 799 ideo—

150 826 232 867 que
261 813 305 853 in
338 825 461 853 omne
493 815 663 865 tempus
694 811 821 852 valet.
867 808 1148 866 Quapropter
1188 812 1223 853 si
1258 813 1410 865 religio
1450 813 1686 856 christiana

149 873 374 910 aeternum
406 868 473 909 dei
502 868 679 909 verbum
710 868 777 909 vel
808 868 1083 909 existentiam
1121 882 1197 922 per
1229 869 1382 910 Jesum
1413 869 1688 912 Nazarenum

151 926 290 967 solum
320 925 643 980 repraesentari
682 925 856 977 asserit,
888 924 1009 965 aliud
1047 925 1150 979 quid
1190 927 1348 978 innuit3
1386 940 1485 967 nam
1516 930 1608 968 tum
1639 929 1687 980 ei.

153 982 269 1038 quod
299 982 408 1024 nulli
445 982 518 1023 alii
564 982 781 1034 convenit,
829 981 1039 1023 tribuitur
1084 985 1215 1037 atque
1264 997 1520 1038 quemquam
1567 984 1694 1026 aliter

153 1053 283 1094 quam
312 1053 391 1094 per
423 1053 519 1080 eum
550 1038 607 1080 ad
630 1039 843 1080 unitatem
870 1052 966 1079 cum
992 1038 1070 1079 deo
1099 1040 1322 1093 pervenire
1348 1054 1472 1095 posse
1498 1046 1692 1094 negatur.

150 1096 374 1138 Historica
417 1096 550 1149 igitur
587 1095 638 1137 de
677 1095 786 1137 Jesu
828 1095 1045 1137 sententia
1084 1096 1145 1137 ibi
1183 1096 1357 1151 prolata
1396 1097 1566 1138 videtur
1603 1112 1693 1139 esse

151 1157 283 1208 atque
313 1154 404 1208 ipse
445 1167 543 1194 eum
573 1152 745 1205 haberi,
786 1166 863 1206 per
901 1165 1027 1207 quem
1064 1154 1377 1208 unusspiisque,
1418 1158 1611 1196 mutatus
1650 1156 1693 1195 in

153 1211 245 1265 ejus
283 1209 532 1261 essentiam,
570 1208 688 1250 filius
726 1209 794 1250 dei
833 1209 959 1250 reddi
996 1213 1141 1264 queat.
1201 1209 1344 1263 Quum
1390 1211 1524 1264 igitur
1561 1212 1695 1265 philo-

155 1267 316 1322 sophus
360 1267 575 1309 rationem
629 1266 971 1321 metaphysicam
1028 1280 1240 1320 quaerens
1285 1269 1512 1309 veritatem
1556 1270 1693 1323 ipsam

152 1325 358 1379 reperiat,
391 1323 627 1365 christiana
658 1323 809 1376 religio
840 1324 953 1364 viam
984 1324 1181 1365 veritatis
1213 1325 1415 1366 ostendit.
1470 1323 1589 1367 Ante
1621 1324 1695 1367 Je-

155 1395 248 1423 sum
277 1395 402 1423 nemo
434 1379 628 1436 profecto
668 1381 881 1421 unitatem
920 1394 1040 1421 suam
1078 1380 1323 1422 absolutam
1364 1396 1459 1423 cum
1491 1382 1570 1423 deo
1601 1396 1695 1436 per-

153 1438 305 1493 spexit,
338 1451 472 1492 quare
503 1437 818 1492 primogenitus
851 1442 916 1478 est
946 1438 1062 1479 filius
1095 1437 1274 1479 divinus.
1319 1438 1468 1492 Atque
1501 1439 1694 1492 quamvis

152 1495 400 1550 philosophi
455 1501 578 1536 extra
630 1494 883 1547 religionem
936 1494 1217 1536 christianam
1270 1496 1441 1536 easdem
1494 1510 1589 1536 cum
1643 1509 1693 1537 ea

153 1552 358 1593 veritates
412 1552 634 1593 inveniant
675 1555 807 1605 atque
857 1551 994 1593 multo
1040 1552 1198 1593 clarius
1234 1552 1492 1607 percipiant,
1547 1556 1693 1593 tamen

154 1622 417 1663 magnopere
453 1608 642 1663 promoti
679 1611 721 1649 et
759 1608 915 1649 nutriti
959 1608 1059 1650 inde
1104 1608 1371 1663 prodierunt.
1433 1610 1579 1662 Quare
1616 1622 1693 1663 per

153 1665 185 1707 J
189 1679 308 1707 esum
340 1666 477 1706 50111111
510 1678 656 1706 01111195
687 1664 744 1706 ad
777 1665 904 1706 deum
936 1680 1104 1720 semper
1134 1666 1397 1720 pervenient.
1452 1666 1692 1719 Postquain

152 1723 285 1776 igitur
317 1722 447 1764 semel
478 1723 623 1763 unitas
653 1721 838 1763 hominis
870 1736 964 1763 011111
981 1722 1075 1764 Deo
1098 1736 1175 1777 per
1199 1722 1231 1764 J
1235 1736 1352 1763 esum
1377 1727 1441 1763 est
1463 1724 1692 1777 patefacta,

155 1794 300 1821 omnes
347 1779 403 1821 ad
450 1779 631 1820 eandem
678 1793 774 1820 cum
821 1794 870 1820 90
918 1779 1174 1833 dignitatem
1220 1779 1449 1821 ascendere
1497 1785 1688 1833 possunt.

154 1837 327 1878 Primus
359 1850 459 1890 ergo
493 1834 693 1877 Christus
725 1840 789 1876 est
820 1837 933 1877 111191·
965 1851 1107 1891 pares3
1146 1836 1303 1889 gradu,
1335 1851 1419 1877 non
1451 1850 1605 1888 genere
1637 1835 1691 1876 ab

154 1894 250 1935 aliis
282 1894 428 1934 distat.
477 1892 624 1947 Atque
656 1893 941 1947 phihisophus
974 1908 1104 1947 quum
1136 1892 1313 1933 candem
1341 1906 1469 1947 quam
1492 1890 1690 1932 Christus

156 1950 383 1992 veritatem
421 1950 557 1990 multo
597 1950 728 1990 etiam
766 1950 923 1991 clarius
969 1950 1175 2004 accipiat,
1222 1949 1347 2002 longe
1391 1964 1486 1990 eum
1518 1953 1693 2002 superat

156 2020 294 2061 neque
326 2007 498 2048 0111111110
531 2020 579 2047 90
618 2006 675 2047 ad
706 2007 917 2047 unitatem
956 2021 1076 2047 suani
1115 2021 1207 2047 011111
1243 2006 1320 2047 deo
1353 2005 1692 2058 Goglnifficendani

154 2064 332 2117 indiget.
378 2064 565 2104 Etiamsi
596 2064 730 2115 igitur
750 2062 948 2104 Christus
976 2078 1059 2103 non
1082 2063 1244 2113 fuisset.
1277 2066 1422 2103 tamen
1450 2062 1693 2117 philosophi

156 2121 305 2162 eodem
336 2121 642 2175 pervenissent.
696 2119 922 2172 (411011101Ιο
955 2121 997 2160 id
1030 2135 1124 2160 cum
1158 2134 1206 2160 ea
1239 2119 1451 2160 sententia
1483 2119 1692 2169 concinat,

154 2192 231 2218 1105
262 2177 451 2231 undique
493 2177 546 2217 ab
590 2177 826 2218 christiana
864 2177 1070 2229 religisme
1110 2176 1296 2230 pendere
1339 2176 1568 2226 nescimus:
1612 2175 1692 2215 nisi

156 2235 267 2275 enim
309 2234 516 2283 fallimur,
555 2234 693 2274 solum
728 2234 831 2274 vinde
869 2233 1008 2285 adjuti
1049 2237 1091 2273 01
1122 2232 1332 2273 illustrati
1362 2232 1475 2272 idem
1506 2232 1693 2284 reperire

155 2304 381 2345 possumus
426 2294 559 2344 atque
597 2304 809 2337 erramus,
850 2290 883 2330 si
925 2286 1001 2344 per
1032 2290 1220 2343 ipsorum
1251 2289 1463 2329 rationem
1494 2288 1550 2329 ad
1581 2288 1693 2329 idem

160 2347 417 2401 cognitionis
463 2347 685 2400 fastigium
740 2347 873 2387 evecti
926 2347 1048 2387 nobis
1091 2346 1295 2386 videmur.
1357 2344 1695 2398 Quibuscunquc

156 2404 358 2445 laudibus
391 2402 613 2444 Christum
651 2403 702 2445 F.
742 2403 928 2445 extollit.
973 2416 1101 2456 quum
1143 2401 1346 2443 absuluta
1386 2416 1478 2442 911111
1512 2401 1692 2451 ratione,

156 2474 294 2515 neque
317 2461 647 2502 ratiocinatione
675 2474 814 2514 neque
837 2460 1095 2509 traditione,
1122 2459 1249 2499 immo
1273 2458 1501 2499 intuitione
1526 2458 1694 2510 religio-

155 2531 204 2558 sa
234 2517 553 2572 conjuntionem
580 2531 699 2557 suain
726 2531 821 2557 011111
845 2516 939 2556 Deo
963 2516 1208 2568 c.›guovisse
1236 2515 1426 2555 ostendit
1447 2514 1515 2567 (jcf.
1537 2528 1694 2567 appen-

157 2569 293 2616 dicem
325 2575 350 2615 l.
382 2576 450 2626 0.),
487 2579 632 2616 tamen
671 2573 813 2613 omnia
852 2573 889 2613 ei
920 2572 1090 2613 videtur
1120 2572 1340 2622 tribuisse,
1373 2575 1421 2611 ut
1451 2585 1499 2612 eo
1532 2572 1694 2624 majore

155 2630 192 2672 is
231 2631 367 2684 gloria
410 2634 710 2679 exornaretur,
752 2629 825 2682 qui
865 2628 1209 2683 philosophando
1250 2627 1430 2668 eandem
1467 2628 1693 2668 veritatem

155 2687 461 2741 indagavisset.
506 2687 646 2728 Multo
680 2686 810 2727 etiam
851 2685 986 2738 magis
1024 2683 1300 2733 offendimur,
1340 2697 1471 2738 quum
1500 2684 1694 2737 legamus

156 2744 326 2800 eadem,
373 2757 484 2802 quae
523 2743 651 2787 modo
688 2742 884 2785 veritatis
930 2743 1070 2785 instar
1106 2741 1278 2798 prolata
1325 2742 1410 2783 sint
1457 2740 1508 2783 de
1540 2740 1694 2785 eximia
