1949 3066
976 138 1031 181 28

240 273 297 316 ad
342 274 549 316 miracula
601 274 654 316 ab
708 272 882 316 Christo
938 278 1193 331 perpetrata
1246 279 1500 330 provocent3
1549 280 1776 332 praeterea

241 332 459 384 religionis
504 345 648 372 veram
694 331 1184 384 (1061111111111,6Χ1111)61,
1240 346 1370 387 quum
1415 334 1489 375 alii
1534 334 1775 375 sententias

244 387 428 428 nior-ales
470 387 705 441 proferant.
778 388 881 429 Jam
926 389 1039 431 inter
1069 388 1296 431 Joanneas
1328 389 1547 432 doctrinas
1577 394 1778 432 aeternas

246 447 288 483 et
320 444 546 485 historicas
578 443 808 497 diligenter
840 444 1166 486 discernendum
1198 459 1289 486 esse
1321 451 1476 487 monet.
1530 445 1601 488 Sic
1630 446 1779 487 introi-

240 505 309 540 tus
342 499 566 541 Joanneus
610 501 805 555 inprimis
844 501 998 554 dignus
1040 505 1121 553 est,
1162 501 1233 555 qui
1271 502 1538 555 exploretur3
1575 502 1635 544 ibi
1666 502 1779 544 enim

239 555 271 597 J
275 570 435 598 oannes
466 557 664 610 explicat,
697 571 772 598 cur
802 557 834 599 J
837 571 932 598 esus
962 558 1025 599 ita
1058 557 1114 610 de
1154 572 1196 599 56
1228 558 1350 612 loqui
1379 559 1591 613 potuerit,
1633 572 1775 613 quem-

240 612 474 653 admodum
504 613 675 654 locutus
708 618 783 654 cst.
831 614 864 655 J
867 628 936 655 am
968 614 1147 655 dubium
1179 628 1270 656 esse
1305 615 1465 670 nequit,
1498 616 1602 669 quin
1628 615 1781 656 Jesum

240 668 436 723 profecto
469 669 664 710 similiter
695 670 746 710 de.
781 684 823 711 se
858 671 1069 723 cogitasse
1101 675 1327 725 acceptum
1357 672 1554 717 voluerit.
1612 671 1782 713 Eadem

237 726 372 778 igitur
417 740 513 766 cum
542 726 646 780 ipsis
679 726 951 767 orationibus
983 728 1221 768 auctoritas
1252 727 1514 782 praefationi
1549 727 1782 769 tribuenda

241 786 319 822 est.
381 779 468 823 Sed
501 782 536 822 si
568 782 616 822 F.
649 783 702 824 ab
736 782 913 824 Joanne
945 783 1208 825 creationem
1244 784 1401 825 1616115
1431 784 1683 826 testamenti
1712 798 1782 825 116-

241 841 389 891 gatam
421 842 464 879 et
494 839 796 892 impugnatam
830 853 920 880 esse
960 843 1115 891 censet,
1147 844 1282 890 errat3
1322 854 1421 881 nam
1462 841 1554 895 ipse
1585 840 1782 882 Joannes

240 895 382 936 omnia
413 909 490 949 per
522 895 642 948 λόγον
673 894 825 937 effecta
850 909 941 937 esse
967 896 1091 937 docet
1115 896 1179 944 (cf.
1206 911 1241 936 v.
1270 897 1329 949 3),
1361 898 1622 938 creationem
1644 897 1778 949 igitur

239 951 410 993 omnino
451 966 537 991 non
581 956 791 1003 removet,
843 952 918 993 sed
963 956 1134 994 tantum
1172 967 1346 995 causam
1388 957 1429 995 et
1469 953 1656 994 medium
1688 953 1778 1007 ejus

239 1012 463 1049 aeternum
494 1008 671 1059 indicat.
705 1022 836 1063 quum
868 1022 946 1063 per
977 1009 1097 1062 λόγον
1128 1010 1269 1051 omnia
1302 1014 1451 1050 exorta
1489 1024 1579 1052 esse
1609 1010 1776 1050 asserit.

240 1064 392 1118 Atque
423 1064 696 1106 manifestum
729 1069 803 1117 est,
835 1065 867 1106 J
873 1079 1055 1106 oannem
1096 1065 1320 1107 ostendere
1352 1066 1552 1118 voluisse,
1595 1065 1777 1107 eundem

238 1119 366 1173 λόγον,
401 1121 472 1174 qui
503 1136 632 1163 causa
664 1135 808 1162 rerum
840 1122 1030 1163 omnium
1061 1123 1322 1177 sempiterna
1364 1126 1495 1174 esset,
1522 1123 1614 1176 jam
1644 1122 1778 1163 homi-

243 1192 335 1218 netn
369 1178 437 1218 161
468 1192 640 1219 carnem
672 1192 761 1219 esse
793 1178 956 1219 factum
988 1178 1060 1230 (cf.
1093 1193 1127 1219 1.
1168 1180 1234 1233 14)
1268 1183 1398 1233 atque
1437 1192 1567 1233 quum
1598 1183 1779 1234 propt-er

243 1233 433 1274 homines
465 1234 693 1275 salvandos
718 1235 844 1276 homo
868 1235 924 1275 sit
946 1234 1098 1287 sactus,
1130 1234 1162 1276 J
1166 1236 1314 1276 oannis
1340 1236 1561 1287 intererat,
1593 1239 1642 1276 ut
1665 1249 1780 1277 crea-

241 1291 369 1331 tionis
388 1294 430 1331 et
451 1290 758 1345 redemptionis
783 1291 963 1332 eundem
988 1290 1108 1344 λόγον
1126 1305 1216 1332 6556
1234 1297 1456 1333 auctorem
1482 1292 1690 1347 probaret
1712 1291 1778 1332 vel

241 1347 501 1388 creationem
547 1350 589 1388 et
634 1347 974 1402 redemptionem
1020 1348 1258 1389 arctissime
1296 1349 1408 1389 inter
1455 1363 1499 1390 se
1537 1349 1778 1390 cohaerere.

243 1403 361 1456 λόγον
393 1417 493 1444 sane
520 1404 697 1445 Rrecte
728 1404 942 1445 intellexit
972 1404 1150 1446 verbum
1178 1419 1280 1457 esse,
1313 1405 1388 1447 sed
1414 1405 1519 1447 false
1545 1405 1602 1446 ad
1625 1405 1781 1446 doctri·
1806 1423 1814 1426 ·

241 1474 340 1500 nain
364 1474 485 1501 suain
502 1461 728 1502 revocavit.
774 1460 968 1503 Verbum
992 1461 1103 1510 enim
1129 1462 1301 1502 notione
1325 1461 1580 1503 existentiae
1609 1461 1779 1502 divinae

242 1516 404 1556 sumsit.
464 1515 567 1558 Jam
606 1517 640 1558 si
685 1517 790 1558 deus
829 1531 915 1558 non
947 1517 1090 1558 exist-it
1126 1518 1208 1558 nisi
1238 1519 1281 1558 in
1317 1519 1460 1560 animo
1492 1518 1679 1559 humano
1713 1517 1782 1559 dei

242 1573 424 1614 conscio.
458 1573 657 1614 nimirum
689 1588 784 1615 cum
824 1573 995 1615 homine
1036 1574 1218 1616 existere
1256 1576 1408 1630 coepit.
1468 1574 1656 1616 Etiamsi
1687 1574 1780 1628 quis

240 1629 454 1669 hominem
486 1644 571 1670 non
603 1644 692 1671 esse
725 1634 936 1682 creat-um,
971 1630 1046 1672 sed
1068 1631 1298 1684 paullatim
1329 1635 1525 1673 exortum
1545 1630 1778 1683 contendit,

240 1690 384 1726 tamen
416 1686 481 1726 sui
512 1690 555 1726 et
597 1686 665 1728 dei
696 1687 777 1728 sibi
807 1687 1023 1728 conscium
1054 1687 1107 1729 ab
1140 1687 1262 1729 initio
1295 1702 1390 1729 611111
1421 1687 1550 1728 fuisse
1586 1701 1777 1728 asserere

240 1756 325 1782 non
364 1742 563 1794 audebit3
608 1743 721 1785 unde
762 1744 966 1798 sequitur,
998 1747 1046 1784 ut
1083 1743 1199 1795 deus7
1232 1745 1492 1799 simulatque
1529 1744 1655 1785 homo
1687 1743 1778 1797 ejus

241 1798 322 1839 sibi
353 1799 547 1840 conscius
579 1800 633 1840 sit
663 1799 813 1851 factus,
847 1801 1029 1841 existere
1059 1801 1280 1855 inceperit.
1341 1799 1462 1853 Quae
1495 1800 1692 1842 doctrina
1723 1801 1777 1841 ab

242 1854 444 1896 Joanneo
480 1856 701 1909 evangelio
734 1856 888 1898 saltem
920 1870 1097 1911 prorsus
1129 1857 1336 1898 abhorret
1359 1858 1481 1912 (61.1.
1504 1857 1559 1910 1).
1607 1855 1654 1898 Si
1677 1871 1777 1898 vero

241 1911 345 1952 deus
391 1916 583 1954 remotus
628 1913 682 1955 ab
729 1927 884 1966 genere
929 1913 1117 1954 humano
1155 1927 1232 1968 per
1270 1928 1312 1955 se
1351 1914 1512 1965 existit,
1557 1918 1650 1971 tum
1687 1913 1778 1966 ejus

241 1969 427 2010 essentia
458 1981 597 2022 neque
630 1974 815 2022 augetur
845 1983 922 2011 1166
953 1970 1171 2020 1111111111111,
1203 1983 1277 2011 5611
1301 1971 1356 2012 ab
1379 1970 1624 2012 hominibus
1645 1970 1777 2011 scitur

241 2038 315 2065 seu
346 2026 547 2077 nescitur,
580 2026 745 2080 pariter
776 2029 908 2080 atque
939 2025 1037 2067 idea
1070 2025 1138 2067 dei
1162 2027 1304 2068 animo
1328 2027 1515 2068 humano
1541 2026 1775 2067 informata

240 2095 325 2121 non
363 2082 514 2123 crescit
558 2083 745 2136 probata
788 2082 931 2124 divina
969 2087 1092 2124 ext-ra
1130 2083 1344 2124 hominem
1387 2083 1633 2133 existenti-<13
1676 2082 1774 2123 idea

243 2137 354 2178 enim
393 2138 460 2179 dei
499 2142 540 2179 et
583 2138 687 2180 deus
730 2139 820 2192 ipse
865 2139 993 2193 plane
1038 2139 1152 2179 inter
1198 2153 1240 2180 se
1287 2138 1502 2180 differunt.
1571 2137 1778 2180 Similiter

241 2207 351 2247 quae
387 2193 438 2235 F.
479 2194 531 2235 de
571 2195 659 2236 vita
700 2198 741 2236 et
778 2194 873 2237 luce
909 2195 1027 2236 verbi
1064 2197 1272 2248 exaravit,
1324 2197 1378 2238 ab
1420 2196 1592 2237 ε10611116
1635 2195 1777 2237 aliena

240 2254 357 2302 sunt,
389 2265 488 2291 nain
521 2251 555 2292 si
596 2266 692 2293 cum
733 2265 878 2293 omnes
914 2266 982 2293 res
1024 2252 1194 2293 nonnisi
1233 2253 1563 2307 comprehensas
1595 2252 1777 2293 existere

239 2310 332 2347 tum
364 2307 541 2348 verbum
571 2308 638 2349 vel
668 2308 889 2350 notionem
920 2308 1054 2349 solam
1086 2309 1235 2350 mundi
1261 2309 1511 2351 creatricem
1535 2322 1624 2350 esse
1653 2308 1778 2349 docet

240 2367 370 2417 atque
401 2364 445 2404 in
476 2364 647 2405 homine
680 2365 769 2406 solo
809 2365 874 2406 sui
911 2365 1124 2406 consciam
1164 2365 1231 2406 dei
1270 2366 1501 2407 essentiam
1538 2365 1633 2406 fieri
1665 2363 1777 2406 affir-

240 2424 348 2472 mat,
386 2434 471 2461 non
509 2420 646 2461 solum
683 2435 828 2462 omnes
868 2435 936 2463 res
973 2435 1050 2476 per
1088 2435 1136 2462 se·
1177 2426 1372 2463 mortuas
1410 2436 1501 2463 esse
1540 2421 1695 2462 statuit
1735 2424 1778 2462 et

240 2476 331 2517 sola
362 2477 535 2518 notione
566 2477 631 2518 161
648 2482 858 2532 conceptu
882 2478 998 2519 vivas
1024 2476 1143 2529 effici,
1177 2478 1251 2519 sed
1275 2479 1406 2519 etiam
1430 2478 1566 2519 lucem
1583 2477 1615 2519 J
1619 2490 1776 2519 oanne-

242 2547 309 2572 ain
350 2546 526 2586 prorsus
567 2535 762 2575 mutavit.
822 2533 1012 2575 Notione
1058 2549 1156 2575 vero
1188 2534 1278 2575 sola
1310 2535 1429 2575 nulla
1461 2548 1544 2585 res,
1586 2534 1667 2575 nisi
1697 2547 1774 2588 per

242 2602 285 2630 se
317 2590 510 2642 viguerit,
543 2590 638 2631 viva
667 2590 885 2635 reddetur,
917 2604 1054 2644 neque
1093 2594 1177 2644 φῶς
1214 2590 1246 2632 J
1250 2605 1463 2632 oanneum
1505 2594 1570 2632 est
1600 2590 1774 2631 effectus

243 2645 428 2698 quidam,
460 2645 537 2688 sed
559 2661 698 2699 causa,
731 2647 844 2688 unde
871 2647 945 2687 lux
969 2647 1212 2688 hominibus
1235 2647 1460 2702 redundet,
1490 2647 1516 2687 i.
1537 2661 1570 2688 e.
1588 2645 1775 2700 cognitio

239 2701 454 2755 veritatis,
501 2716 639 2759 neque
685 2717 784 2746 vero
837 2707 976 2746 status
1030 2703 1099 2746 dei
1145 2704 1337 2746 conscius
1375 2703 1446 2759 (cf.
1486 2717 1522 2746 v.
1560 2702 1598 2745 5.
1638 2703 1676 2745 8.
1714 2702 1775 2757 9).
